1707 3140
533 79 846 124 LIBER

924 79 1038 125 III.
1454 91 1530 135 53*

65 207 111 231 ne
128 192 268 230 virium
291 190 448 241 (quippe
474 190 532 228 hic
555 201 651 228 totus
672 199 762 238 pene
779 192 955 229 Romanus
979 192 1182 238 exercitus)
1202 191 1322 238 facile
1344 190 1518 238 profliga-

65 244 144 281 κυνὶ
161 243 400 291 paucos-fitis,
425 254 468 276 ne
486 241 552 288 sub
570 243 653 276 viro
678 242 812 289 quidem
824 241 958 289 sobrio,
981 243 1103 277 nedum
1120 239 1187 289 sub
1205 240 1309 285 sorti
1325 241 1421 281 duce,
1445 241 1511 274 mi-

63 292 240 329 litantes?
264 291 355 343 Qis
371 291 463 327 enim
483 292 666 327 luxuriam
684 291 782 326 illius
798 292 960 338 ignorat,
987 292 1171 339 vitamque
1193 290 1341 326 hominis
1352 289 1508 336 subulco·
1535 283 1549 308 ¹
1557 283 1579 316 5

63 354 143 378 rum
178 341 293 389 potius
313 341 488 388 gregibus
516 352 619 387 quam
647 340 800 378 militum
830 341 1025 388 legionibus
1048 339 1320 387 congruentem?
1355 338 1509 374 Proinde
1533 330 1548 355 ¹

61 403 182 427 eamus
208 390 378 426 audac‘ler
404 390 443 426 in
471 389 568 425 illum
596 402 667 437 qua
687 388 837 436 solemus
864 389 1058 428 alacritate
1082 390 1194 425 animi
1222 398 1328 436 atque
1353 387 1507 428 virtute,

0 471 1 474 ,
61 439 134 479 diis
145 439 252 487 freti
267 439 449 475 autoribus
475 439 519 474 ab
537 440 651 476 eodem
677 438 781 486 impie
803 438 1001 486 peieratis:
1015 439 1131 485 simul
1151 449 1315 473 memores
1332 436 1506 472 excitato-

61 501 140 527 rum
160 488 269 538 saepe
295 503 318 525 a
348 489 446 524 nobis
473 488 749 536 trophaeorum,
782 501 871 537 quae
889 488 1030 537 scilicet
1055 489 1100 523 ab
1131 487 1201 536 ipso
1229 485 1386 534 despeffa
1406 484 1504 531 sunt.

57 539 164 575 Haec
182 538 344 585 loquuto
372 541 534 578 Senem,
567 535 763 573 confestim
800 537 982 578 exercitus
1013 536 1205 575 vniuerlus
1233 535 1412 572 Albinum
1433 533 1503 569 ho·
1527 527 1572 562 ¹7

58 587 147 624 stem
176 587 360 624 declarat:
405 597 639 633 exceptoque
666 585 790 626 faustis
819 586 1146 625 acclamationibus
1173 585 1275 632 ipso,
1302 581 1394 620 nihil
1423 594 1503 620 non

59 636 260 673 alacritatis
301 647 340 672 et
366 635 472 672 studii
500 635 723 676 clamoribus
760 635 995 673 ostendentes
1021 635 1134 684 magis
1168 634 1357 683 magisque
1380 632 1501 670 homi-

55 697 143 721 nem
165 684 227 731 spe
245 684 367 725 addita
387 685 671 722 succenderunt.
725 685 804 730 Qui
822 685 1037 733 ampliffimo
1056 684 1238 721 donatiuo
1258 681 1397 719 milites
1417 692 1500 735 pro·
1523 671 1568 708 ¹8

53 734 244 781 sequutus,
271 732 388 770 statim
408 733 597 770 vniuersos
627 745 757 770 contra
776 735 954 771 Albinum
982 731 1132 771 educit:
1162 732 1270 769 millis
1292 732 1383 767 item
1406 742 1501 777 pari·

55 794 114 820 ter
142 783 205 830 qui
229 783 453 829 Byzantium
477 794 747 830 expugnarent,
775 783 932 822 clausam
959 783 1098 825 adhuc,
1125 782 1284 829 receptis
1305 780 1411 829 Nigri
1433 781 1498 815 du·

53 831 168 869 cibus.
218 832 328 874 Quae
354 832 492 868 deinde
522 832 604 868 vrbs
633 831 732 868 fame
759 843 888 880 capta,
914 843 1069 880 totaque
1094 832 1202 880 plane
1224 831 1365 872 diruta,
1392 825 1496 864 simul
1520 824 1564 861 ¹9

53 882 203 919 theatro
254 881 486 928 thermisque
550 881 730 927 omnique

798 883 902 918 cultu
959 892 1072 929 atque
1123 881 1272 917 honore
1317 877 1498 918 detraRo,

52 942 92 968 et
121 930 160 967 in
189 929 263 966 vici
291 929 447 966 formam
475 929 639 970 redasta‚
679 929 955 977 Perinthiisque
990 933 1029 968 in
1047 931 1260 986 seruitutem
1287 926 1495 965 adiudicata

51 979 115 1020 est,
143 979 460 1027 quemadmodum
486 979 690 1017 Antiochia
720 992 872 1028 quoque
901 980 1135 1019 Laodicenis.

1191 981 1290 1015 Tum
1316 974 1494 1025 pecuniae
1515 972 1562 999 ²0

48 1040 220 1084 magnam
246 1028 322 1063 vim
337 1027 482 1064 curauit
510 1028 556 1064 ad
579 1027 797 1069 reficiendas
825 1029 1146 1076 instaurandasque
1169 1029 1292 1068 vrbes,
1313 1037 1401 1074 quas
1423 1024 1494 1061 Ni-

51 1079 168 1127 griani
195 1077 334 1113 milites
362 1077 647 1114 deuastauerant.

709 1078 790 1124 lpse
816 1079 889 1115 iter
921 1078 1085 1115 faciebat
1107 1077 1182 1114 fine
1216 1074 1494 1114 intermistione,
1513 1071 1559 1098 2¹

49 1138 177 1174 neque
197 1126 307 1163 festos
329 1125 406 1162 dies
433 1137 558 1172 neque
584 1126 726 1162 labores
749 1127 847 1163 vllos
867 1139 1094 1174 magnopere
1114 1138 1258 1167 curans,
1287 1124 1420 1173 algoris
1437 1133 1493 1159 at-

51 1187 126 1223 que
154 1175 267 1212 aestus
285 1174 386 1211 iuxta
415 1174 580 1220 patiens:
607 1175 650 1222 p)
673 1175 777 1221 saepe
796 1175 910 1216 etiam.
929 1188 996 1221 per
1023 1175 1210 1211 altissimos
1232 1185 1379 1210 montes
1400 1172 1492 1217 hye-
1512 1171 1558 1199 22

46 1237 110 1262 me
139 1223 253 1265 saeua,
280 1222 432 1260 niuibus
453 1224 556 1258 caelo
576 1224 858 1271 ingruentibus,
876 1224 955 1261 ibat
980 1235 1111 1270 aperto
1139 1224 1272 1270 capite,
1299 1234 1339 1257 vt
1357 1220 1495 1256 milites

45 1273 93 1310 ad
119 1272 345 1309 alacritatem
374 1270 672 1320 patientiamque
702 1273 874 1313 laborum
905 1285 945 1309 re
965 1272 1038 1319 ipsa
1066 1273 1335 1309 cohortaretur.
1385 1270 1496 1311 Quo-

47 1323 145 1358 circa
174 1334 253 1357 non
277 1331 379 1357 metu
399 1322 560 1368 quodam
582 1334 622 1356 ac
639 1322 732 1368 lege,
756 1322 816 1358 sed
832 1322 1084 1358 aemulatione
1103 1321 1216 1369 magis
1237 1331 1349 1368 atque
1370 1330 1494 1355 exem-

48 1370 113 1418 1310
145 1369 325 1418 principis
352 1370 398 1405 ad
428 1369 648 1416 perferenda
679 1370 804 1407 omnia
832 1371 1098 1410 incitabantur.

1157 1368 1259 1412 Μίίῐι
1287 1367 1399 1406 etiam
1426 1364 1494 1417 qui
1513 1361 1556 1401 23

44 1419 226 1470 angustias
255 1429 486 1470 occuparent
509 1419 690 1473 Alpiuuh,
705 1432 819 1475 atque
841 1420 964 1463 aditus
987 1421 1114 1460 Italiae
1143 1419 1368 1457 obfiderent.

733 1537 820 1580 vn.

42 1600 269 1670 Enimuero
299 1599 491 1649 postquam
519 1601 733 1643 nuntiatum
754 1601 896 1643 Albino
919 1601 969 1644 est
994 1601 1090 1639 nihil
1117 1599 1278 1638 cune’tari
1300 1600 1493 1641 Seuerum,

123 1653 160 1700 q)
188 1650 251 1687 sed
270 1650 386 1686 adeffe
414 1650 499 1692 iam,
526 1651 679 1698 supinus
706 1651 885 1689 haftenus
913 1664 954 1692 ac
983 1651 1134 1688 delicias
1165 1651 1328 1699 agitans,
1356 1661 1490 1698 magno

44 1710 129 1737 tum
150 1710 253 1737 metu
274 1700 457 1746 perculsus
485 1702 521 1749 r)
543 1700 662 1737 statim
691 1715 712 1738 e
738 1700 927 1740 Britannia
957 1699 1236 1742 transmittens,
1264 1698 1303 1735 in
1334 1697 1488 1735 aduerso
1508 1703 1530 1729 2

41 1749 186 1787 Galliae
215 1748 345 1785 littore
372 1749 479 1785 castra
507 1750 731 1789 collocauit:
775 1750 988 1797 litterisque
1015 1749 1060 1786 ad
1088 1749 1291 1785 vicinarum
1316 1747 1489 1797 gentium

41 1797 223 1847 praefides
244 1797 363 1840 minis,
388 1798 564 1844 pecunias
584 1810 909 1847 commeatumque
929 1797 1150 1836 exercitibus
1171 1797 1343 1834 iuuandis
1363 1808 1491 1833 corro-

42 1848 162 1898 gabat.

213 1849 246 1895 s)
274 1847 355 1888 Qui.
379 1847 494 1894 igitur
520 1848 619 1887 die'to
650 1848 844 1885 audientes
873 1848 1055 1889 fuerunt,
1090 1847 1237 1894 peffime
1264 1846 1356 1884 illud
1386 1846 1424 1882 in
1449 1844 1485 1882 se
1503 1847 1524 1887 3

39 1896 325 1940 consuluerunt,
343 1896 449 1937 nullo
467 1910 548 1939 non
568 1896 752 1951 supplicio
771 1897 859 1940 dein
876 1897 957 1951 post
976 1898 1118 1939 bellum
1138 1895 1280 1935 affecti:
1311 1895 1378 1945 qui
1396 1907 1485 1933 vero
1504 1903 1526 1939 4

83 2062 123 2110 p)
151 2062 269 2108 Saepe
286 2061 396 2101 etiam
417 2073 483 2108 per
493 2073 741 2105 montemma-

39 2111 122 2160 gnis
149 2109 335 2158 rigoribus
362 2111 514 2148 infestos
544 2123 657 2156 atque
686 2113 738 2148 al-

39 2159 205 2202 tissimos,
234 2160 303 2196 iter
321 2159 482 2202 faciens,
508 2160 572 2197 sub
594 2158 738 2207 grandi·

36 2221 86 2246 ne
105 2219 144 2245 et
165 2207 315 2245 niuibus
334 2218 464 2255 aperto
494 2208 613 2256 capite
641 2208 739 2245 ince-

39 2257 174 2300 debat,
208 2258 406 2295 alacritatis
436 2269 475 2294 et
512 2257 738 2295 strenuitatis

38 2306 270 2347 occafionem
290 2306 469 2344 militibus
495 2307 608 2355 reipsa
630 2320 737 2354 prae-

38 2357 151 2394 bens:
176 2357 227 2393 ita
256 2369 297 2393 vt
325 2369 401 2393 non
427 2356 546 2393 solum
579 2367 739 2393 metuet

38 2406 136 2455 lege,
161 2405 221 2441 sed
242 2406 353 2442 etiam
367 2405 616 2443 aemulatione
627 2417 739 2452 atque

38 2467 179 2510 ex..pr.
206 2454 251 2490 ad
282 2453 518 2492 refistendum
549 2455 738 2492 laboribus

37 2515 152 2542 melta
158 2515 263 2540 remu
269 2517 297 2540 r.
321 2505 436 2552 Steph.

788 2061 944 2110 politam
971 2062 1008 2101 ei
1028 2061 1209 2106 Galliam,
1234 2062 1342 2099 castra
1369 2059 1488 2099 collo·

786 2113 898 2152 caust,
930 2113 1070 2148 Memm.

832 2162 865 2206 s)
891 2161 938 2197 Et
966 2159 1141 2196 nonnulli
1168 2159 1341 2208 quidem,
1364 2159 1410 2195 ab
1437 2170 1485 2195 eo

788 2208 963 2256 persuafi,
990 2209 1187 2251 miserunt,
1211 2209 1251 2245 in
1283 2209 1381 2246 suam
1400 2207 1486 2245 sane

787 2256 1011 2305 perniciem:
1047 2257 1194 2304 (postea
1221 2258 1320 2295 enim
1346 2257 1488 2305 suppli·

787 2308 846 2344 cio
868 2306 985 2343 affesti
1007 2305 1195 2349 fuerunt3)
1221 2308 1283 2356 qui
1304 2320 1392 2344 vero
1422 2307 1484 2343 ad·
1531 2342 1535 2344 ,

786 2356 868 2394 duci
889 2369 966 2394 non
997 2367 1225 2404 potuerunt,
1252 2368 1290 2393 vt
1321 2356 1360 2393 id
1386 2355 1484 2392 face.

788 2417 893 2448 rent,
932 2405 1029 2442 inito
1059 2405 1159 2443 felici
1188 2406 1335 2454 petius,
1367 2417 1481 2453 quam

788 2454 964 2503 prudenti
1001 2454 1176 2497 consilio,
1210 2455 1324 2492 incol.
1358 2453 1479 2491 euase-

785 2514 886 2541 runt.
935 2504 1098 2540 Euentus
1134 2503 1233 2541 enim
1265 2515 1303 2540 et
1329 2504 1482 2540 fortuna

83 2553 121 2602 q)
150 2552 210 2589 sed
231 2552 374 2590 iamiam
395 2553 626 2595 adfuturum,
653 2552 734 2602 sup.
781 2553 869 2594 belli
902 2551 948 2589 de
973 2563 1213 2600 vtrorumque
1240 2552 1396 2592 consilio
1422 2552 1481 2590 'iu-

64 2613 99 2639 te
123 2603 157 2638 h.

38 2603 67 2642 S
88 2612 129 2697 iij)
159 2664 178 2690 a
198 2651 291 2690 Brit.
317 2651 574 2691 transmittens
601 2652 643 2691 in
669 2664 735 2701 op-

784 2601 922 2642 dicium
939 2602 1038 2641 tulit.
1064 2602 1182 2655 Steph.
