1707 3029
212 88 280 136 92
415 39 927 124 HER'ODIANI
981 72 1476 125 H1sT0R1AE

189 192 385 242 quicquid
408 193 643 240 conspicuum
666 191 704 228 in
719 191 893 247 templis,
916 191 1220 240 principatusque
1251 193 1402 243 inlignia
1430 205 1470 230 et
1502 192 1640 240 pretio·
1676 195 1679 198 ⁴

207 242 328 279 fiffima
350 242 506 299 supellex
520 268 529 283 ,
557 243 699 289 equites
719 240 806 277 item
827 251 864 277 et
885 241 1068 279 exercitus
1097 241 1287 279 vniuersus
1317 255 1491 290 pompam
1524 242 1642 279 illius·

97 295 99 297 ’
139 303 186 329 21
208 292 308 328 modi
330 292 612 328 comitabantur.
661 290 735 325 Vbi
759 299 882 326 autem
905 291 1105 327 deduxerat
1123 302 1233 336 atque
1264 294 1300 328 iu
1331 295 1473 338 templo
1502 289 1639 328 consti-

208 352 354 380 tuerat,
379 339 514 377 sacris·
505 353 574 376 iam
597 338 948 387 celebritatibusque
968 351 1052 388 quus
1071 340 1223 376 diximus
1249 340 1420 386 perastis,
1465 340 1639 376 maximas
1686 340 1688 342 ’

206 389 591 436 altiffimasqueturres
612 389 655 424 ad
674 388 710 423 id
735 388 854 434 iplum
867 388 1045 425 extr-ustas
1064 382 1359 426 constend'azebit
1390 390 1423 423 ὶι
1417 388 1476 424 de
1498 387 1640 425 lcilicet

207 438 247 475 in
267 439 410 485 plebem
431 439 566 474 miffilia
588 436 790 483 sparsurus,
821 449 927 473 aurea
947 435 1123 474 videlicet
1140 449 1384 485 argenteaque
1404 437 1546 495 pocula.
1576 449 1640 473 ve·
1673 434 1681 440 ‘

205 487 349 535 stesque
371 498 410 524 et
427 487 541 522 lintea
554 499 665 521 omne
687 496 823 532 genus·
850 486 975 523 bestias
999 495 1182 532 praeterea
1203 497 1345 523 cicures
1366 496 1400 522 et
1412 498 1478 521 non
1501 487 1640 522 cicures

209 547 357 572 omnes:
385 536 549 582 exceptis
572 536 700 575 subus,
726 533 858 582 quibus
881 534 976 582 ipse,
1005 538 1063 578 (vt
1075 547 1153 571 mos
1166 535 1214 570 est
1242 536 1489 571 Phoenicibu
1477 536 1507 583 )
1532 533 1639 571 absti-

142 598 187 623 22
209 586 330 621 nebat.
377 585 491 621 Multi
515 585 626 633 igitur
644 585 740 619 inter
766 583 979 630 rapiendum
1011 583 1177 629 periere,
1204 584 1335 630 partim
1357 583 1516 620 inuicem
1548 595 1638 631 pro-

207 634 341 670 culcati
358 657 367 673 ‚
392 635 522 681 partim
543 634 699 669 militum
733 632 855 669 contis
887 646 980 669 tran
972 631 1074 670 {ixi
1102 632 1147 667 lic
1165 643 1204 669 vt
1232 636 1270 676 a)
1296 646 1336 670 ea
1363 633 1555 669 celebritas
1576 644 1640 668 ca·-

137 693 184 730 ες
207 683 410 719 lamitatem
432 695 513 729 qua·
508 681 711 728 nplurimis
732 682 908 718 attulerit
962 681 1038 727 lpse
1066 680 1272 718 identidem
1293 682 1459 730 aurigans
1486 692 1551 718 aut
1575 681 1640 717 sal·
1674 690 1695 717 .“

207 743 287 767 tans
310 732 616 778 conspiciebatur.
668 731 810 777 quippe
830 744 875 767 nc
896 731 1012 767 latere
1030 730 1181 777 quidem
1212 731 1269 766 {ua
1301 731 1506 776 patiebatur
1535 728 1639 777 flagi·
1677 728 1693 734 “

138 792 184 826 24
206 779 277 815 tia·
303 782 505 827 procedens
524 782 632 816 etiam
657 779 694 815 in
724 781 910 826 publicum
934 778 1037 825 piffis
1066 779 1184 814 oculis
1215 780 1409 827 genisque·
1422 761 1640 826 purpuriss'a·

145 845 148 847 ’
204 829 274 866 tis:
299 829 508 877 faciemque
526 829 652 877 suapte
673 839 801 866 natura
819 828 1016 867 formoiam
1041 810 1235 865 indecoris
1244 829 1432 867 coloribus
1453 826 1639 866 inficiens

885 947 967 984 Vn.

203 1010 346 1088 Quod
365 1010 664 1049 animaduertens
685 1012 829 1055 Maesa,
856 1023 897 1046 ac
917 1010 1119 1059 suspestans
1140 1011 1302 1049 militum
1331 1012 1372 1047 ob
1399 1012 1506 1048 talem
1534 1012 1640 1068 impe·

296 1063 434 1097 raterii·
451 1063 565 1097 vitam
586 1062 882 1108 indignationem
895 1072 1189 1109 :tmetuensquffi
1216 1073 1285 1102 ne,
1314 1059 1335 1096 Γι
1357 1060 1409 1097 ill·
1435 1060 1524 1107 quid
1545 1061 1642 1097 acci-

202 1109 329 1152 disset,
364 1110 437 1157 ipsa
465 1111 584 1146 rurlus
626 1110 663 1145 in
698 1111 875 1156 priuatam
909 1121 1020 1145 vitam
1053 1111 1298 1157 relaberetur:
1343 1110 1536 1156 persuadet
1565 1109 1642 1146 leui

200 1157 342 1206 alioqui
365 1158 572 1206 stolidoque
594 1159 840 1199 adolescenti,
867 1170 905 1193 vt
930 1157 993 1194 fibi
1013 1152 1273 1195 consobrinum
1295 1159 1395 1196 suum
1410 1184 1421 1200 ,
1444 1170 1643 1204 nepotem·
1697 1198 1702 1202 ‚

200 1219 276 1254 que
298 1207 428 1255 ipfius,
454 1221 496 1244 ex
516 1210 625 1244 altera
652 1207 805 1243 filiarum
827 1209 1030 1243 Mammaea
1062 1220 1306 1256 prognatum,
1346 1208 1580 1254 adoptaret*
1603 1216 1640 1243 ee

159 1263 182 1289 2
203 1254 388 1304 Caesarem
406 1258 629 1292 declararet·
657 1256 708 1292 ita
727 1257 769 1291 ad
792 1257 940 1312 gratiam
967 1257 1145 1303 loquuta.
1198 1256 1413 1304 Oportere
1405 1269 1474 1292 iam
1509 1255 1642 1305 ipsum,

202 1304 406 1341 sacerdotio
428 1304 601 1352 religioni
596 1317 679 1352 -Que
698 1305 862 1340 numinis
884 1314 1072 1341 vacantem
1094 1306 1286 1347 bacchari,
1341 1317 1380 1340 ac
1409 1305 1518 1341 deum
1547 1303 1642 1341 cele-'

159 1358 180 1396 3
204 1356 307 1390 brare
326 1356 448 1400 orgia:
474 1353 721 1391 sufficiendum
742 1365 865 1390 autem
885 1355 1068 1394 alterum,
1095 1355 1158 1401 qui
1188 1367 1245 1390 res
1277 1364 1421 1390 curaret
1450 1355 1642 1396 humanas,

187 1403 343 1455 quique
369 1403 422 1438 illi
445 1403 694 1450 principatum
716 1415 869 1440 vacuum
904 1403 947 1439 ab
975 1403 1080 1439 omni
1113 1403 1275 1440 molestia
1304 1414 1462 1448 curaque
1492 1402 1643 1448 praesta·
1684 1413 1695 1418 “

144 1460 182 1492 4
203 1461 272 1487 ret.
322 1452 457 1499 Neque
483 1464 604 1488 tamen
628 1453 860 1500 reregi-inum
882 1453 1042 1497 aliquem
1073 1463 1138 1488 ant
1173 1451 1334 1487 alienum
1365 1452 1556 1487 hominem
1581 1463 1638 1487 re·

159 1508 178 1541 5
202 1499 446 1547 quirendum,
475 1501 535 1536 led
556 1501 778 1556 consobrino
799 1501 1021 1548 potiffimurn
1042 1500 1078 1535 id
1091 1499 1246 1538 honoris
1266 1499 1519 1537 tribuendum.
1546 1500 1585 1546 a)
1605 1500 1640 1536 1s
1698 1528 1701 1547 3

200 1558 278 1584 erat
294 1548 514 1589 Alexianus,
539 1549 601 1605 qni
625 1561 704 1586 tum
721 1551 1001 1596 nuncupabatur
1021 1549 1253 1591 Alexander,
1280 1549 1380 1586 auito
1394 1548 1473 1595 ipso
1484 1548 1641 1585 nomine

199 1598 237 1632 in
263 1598 483 1634 Macedonis
504 1599 596 1648 regis
628 1612 763 1635 nomen
796 1609 1040 1635 commutato.
1106 1600 1203 1635 Nam
1233 1611 1316 1634 eum
1345 1609 1498 1654 regem,
1541 1597 1638 1633 fama

199 1659 265 1692 per
287 1647 322 1682 se
341 1648 545 1687 celebrem.
574 1648 682 1684 etiarn
708 1659 930 1696 magnopere
952 1648 1121 1683 coluerat
1142 1647 1360 1684 Antonium
1372 1646 1498 1683 Seueri
1522 1644 1638 1683 filius.

155 1692 179 1727 6
199 1707 306 1739 quem
331 1695 436 1731 fuiffe
454 1697 645 1733 amborum
668 1707 856 1742 parentem
879 1697 1098 1742 persuadere
1128 1709 1219 1733 anus
1238 1699 1461 1738 conabatur,
1504 1694 1638 1731 iaflato

197 1733 352 1780 filiarum
373 1746 529 1786 incesto,
558 1757 633 1791 quo
655 1745 708 1781 illi
729 1746 842 1793 magis
864 1745 1056 1793 magisque
1076 1759 1092 1780 a
1117 1745 1431 1792 militibus,filios
1452 1745 1550 1780 illius
1575 1743 1641 1792 ff

152 1801 176 1834 7
197 1791 497 1847 exstimantibur,
543 1795 623 1830 dili‹
615 1807 798 1842 gerentur.
868 1797 995 1838 Quare
1022 1794 1149 1831 Caesar
1179 1795 1382 1831 declaratus
1411 1792 1639 1835 Alexander.

195 1841 395 1889 conlulque
420 1843 533 1879 faetus
559 1855 643 1879 cum
671 1843 869 1880 Antonino
896 1843 965 1884 est,
1009 1842 1277 1893 descendensque
1303 1845 1342 1879 in
1362 1842 1527 1890 J'enaetum
1554 1842 1638 1878 haec

193 1901 281 1926 rata
299 1891 412 1934 fecit,
437 1896 470 1936 c)
498 1892 627 1929 senatu
649 1892 791 1929 scilicet
811 1905 874 1939 per
894 1868 1094 1929 ridiculum
1122 1893 1349 1930 decernente
1368 1892 1479 1938 quod
1487 1891 1553 1928 ille
1571 1902 1640 1927 vo-

193 1941 322 1977 luerat.
376 1941 447 1976 hoc
468 1941 536 1981 est,
563 1941 680 1977 videri
703 1942 820 1986 ipsum
845 1952 1004 1988 patrem,
1031 1943 1098 1988 qui
1124 1953 1232 1980 natus
1252 1953 1368 1977 annos
1397 1939 1499 1977 foret
1531 1939 1641 1976 circi-

192 2000 250 2024 ter
272 1989 574 2036 quatuordecim·
603 1989 853 2038 Alexandrum
874 2003 986 2032 vero,
1015 1989 1156 2029 filium
1186 1991 1251 2038 qui
1272 2001 1353 2027 tum
1375 1988 1640 2026 duodecimum

149 2044 170 2078 8
192 2036 378 2087 attigisset.
433 2039 561 2076 Postea
582 2039 695 2089 igitur
716 2050 827 2088 quam
846 2039 1058 2077 Alexander
1072 2039 1199 2077 Caesar
1218 2040 1268 2076 est
1288 2038 1510 2087 appellatus,
1531 2037 1640 2074 vole·

239 2180 279 2223 a)
309 2178 409 2215 illius
429 2178 579 2220 festum,
605 2181 745 2217 Memm.
940 2180 1078 2218 milites
1108 2191 1243 2228 pueros
1285 2190 1410 2214 amore
1440 2175 1662 2225 preseque-'
1706 2189 1707 2192 ’

240 2228 275 2272 b)
305 2228 485 2265 Alexiano
508 2229 618 2273 igitur
638 2241 777 2266 nomen
807 2241 889 2266 rnu-
940 2241 1089 2272 rentur,
1133 2240 1252 2277 quum
1287 2227 1390 2264 illius
1431 2225 1500 2263 else
1537 2226 1641 2265 filios

191 2285 314 2316 tatur,
344 2287 453 2322 atque
486 2275 692 2315 Alexander
723 2289 889 2319 vocatur,
941 2289 1128 2327 putarent.
1164 2275 1281 2326 Seepb.

191 2324 250 2360 aui
278 2325 433 2360 nomine
474 2326 510 2361 in
539 2324 635 2363 illius
670 2327 890 2364 Macedonis
986 2330 1020 2367 c)
1057 2337 1175 2373 quum
1230 2335 1363 2361 ornnes
1415 2323 1640 2370 perridicule

189 2385 329 2408 nornen
353 2373 540 2409 traduuo:
590 2375 730 2422 quippe
758 2376 820 2423 qui
850 2385 889 2412 et
939 2373 1206 2415 decreuissent,
1255 2385 1349 2421 quae
1391 2371 1639 2410 iubebantur:

188 2421 450 2459 celeberrimus
471 2422 579 2464 effet,
614 2434 653 2459 et
683 2424 721 2460 in
754 2436 887 2479 magno
937 2422 1043 2459 illum
1065 2422 1217 2475 quidem
1244 2420 1370 2458 haberi
1393 2432 1550 2469 patrem,
1569 2421 1638 2468 qui

190 2471 340 2507 honore
360 2471 506 2507 habitus
527 2472 570 2507 ab
593 2486 639 2508 eo
662 2472 794 2514 fuisset,
821 2485 884 2520 qur
934 2491 973 2500 —·
1009 2471 1156 2508 circiter
1196 2470 1400 2507 iexdecim:
1456 2470 1560 2506 Alex.
1599 2488 1638 2499 -

185 2519 380 2554 amborum
445 2530 547 2566 pater
602 2521 880 2558 existimabatur.
938 2521 1192 2569 Steph.xl111
1228 2531 1351 2556 autem
1382 2531 1451 2566 pro
1483 2519 1571 2556 xvl
1598 2518 1638 2556 in

185 2567 281 2604 Nam
300 2568 484 2604 Antonini
505 2569 628 2605 Seueri
650 2568 713 2606 filii
743 2571 884 2607 adulte·
933 2569 1008 2605 [³01.
1028 2570 1134 2604 Vers.
1159 2568 1272 2615 posita
1291 2567 1385 2612 elle,
1404 2566 1551 2604 notauit
1568 2577 1637 2612 et·,

186 2615 280 2651 rium
314 2627 468 2664 vtraque
497 2618 634 2654 Maeses
660 2617 764 2658 lilia,
812 2630 880 2655 nec
931 2620 1007 2654 iam
1032 2619 1163 2654 loann.
1193 2618 1379 2666 Hartung
1404 2615 1619 2654 Decuriaer

185 2675 265 2701 non
296 2665 447 2713 ipsamet
476 2677 588 2709 anus.
627 2666 799 2710 iastabat5
847 2678 890 2705 vt
940 2677 973 2703 e.
995 2678 1029 2712 7.
1064 2667 1155 2715 sylb.
