1707 3029
444 48 994 127 ‚LI'BERIW
1274 88 1275 91 ¹
1385 86 1450 129 73

55 200 334 242 procuratores,
359 188 474 227 veluti
495 189 612 226 Getae
632 188 793 230 amicos,
821 188 905 225 neci
926 187 1081 225 dedidit.
1131 200 1309 238 totaeque
1328 190 1458 226 nostes

54 239 251 278 caedendis
270 239 495 287 plurifariam
515 239 731 275 mortalibus
755 239 1078 285 impendebantur.
1127 239 1199 275 Sed
1229 250 1267 276 et
1293 239 1454 275 Vestales
1473 247 1496 282 9

57 289 220 338 virgines
239 289 339 325 viuas
360 289 486 324 obruit
504 290 551 337 g)
572 298 690 323 tei-rae
705 313 716 329 ,
749 287 845 334 quasi
866 299 1039 335 temerata
1056 287 1282 336 virginitate.
1337 286 1454 325 Deni-
1477 297 1522 322 ιο

57 351 154 388 que,
181 338 217 374 id
239 338 339 386 quod
363 348 551 386 nunquam
573 336 659 373 alias
679 336 907 378 factitatum,
943 349 1056 383 quum
1075 333 1252 374 circenses
1271 337 1458 384 spe&ante

56 400 104 425 εο
125 387 287 436 populus
308 387 497 424 Romanus
515 385 554 421 in
576 386 759 434 aurigam,
782 386 838 422 cui
859 386 1047 429 studebat,
1074 387 1200 423 nescio
1231 387 1321 435 quid
1344 384 1456 423 cauil-

56 437 153 474 latus
171 437 282 478 effet,
310 447 406 472 ratus
425 435 485 473 sibi
507 436 774 471 contumeliam
793 435 946 475 illatam,
969 447 1125 483 repente
1145 449 1296 473 omnem
1318 434 1456 474 exerci-
1478 444 1519 471 ιι

57 496 140 523 tum
178 486 298 522 facere
319 486 500 532 impetum
537 483 634 520 iuffit
669 482 707 519 in
735 485 937 530 populum,
985 497 1026 520 ac
1053 496 1196 531 raptare
1222 497 1260 522 et
1287 486 1458 522 occidere

56 536 95 580 h)
115 535 331 582 quicunque
368 535 407 571 in
443 533 603 581 aurigam
635 533 817 569 dixissent.
873 537 925 570 At
958 533 1119 575 milites,
1165 547 1317 583 accepta
1345 532 1457 572 semel
1479 544 1524 570 12

59 586 88 631 i)
110 584 273 620 violandi
294 583 537 630 rapiendique
556 582 755 629 potestate,
789 594 905 628 quum
924 582 1083 620 discerni
1113 596 1131 619 a
1151 584 1305 631 reliquis
1325 580 1458 631 nequi-

58 644 146 671 rent
165 633 227 680 qui
248 632 398 669 fuerant
427 631 636 678 proteruius
663 632 815 679 loquuti
836 633 957 678 (nullo
982 632 1120 670 scilicet
1146 633 1185 670 in
1208 644 1310 670 tanta
1332 630 1459 669 multi·
1481 636 1523 674 13

59 684 194 719 tudine
214 694 341 717 vei-um
362 681 517 725 fatente)
547 681 668 727 paffim
691 693 732 718 vt
752 682 791 716 in
811 693 998 728 quemque
1019 683 1249 725 inciderant,
1277 693 1343 719 aut
1365 693 1464 718 occi·

60 731 308 817 gehannbaut
329 731 502 768 omnibus
521 730 682 778 ereptiS,
718 730 818 779 quasi
836 732 952 770 salute
972 731 1187 780 redempta,
1216 733 1330 769 viuos
1358 742 1464 781 aegre

86 791 208 817 imitte
237 789 313 815 ant.

713 830 797 867 VII.

54 895 157 964 His
176 894 287 936 astis,
313 893 523 932 stimulante
550 895 729 933 malorum
755 894 975 935 facinorum
992 894 1244 939 conscientia,
1272 896 1464 940 vitamque

154 943 303 993 perosus
323 946 496 980 vrbanam
511 969 521 984 ,
547 944 672 982 statuit
693 946 806 982 Roma
831 946 1012 987 secedere,
1039 956 1080 981 vt
1099 956 1137 982 et
1157 946 1299 983 milites
1316 946 1464 982 ordina-

57 1005 117 1032 ret
136 1006 174 1032 et
194 992 401 1041 prouincias
421 991 609 1029 inuiseret.
660 995 777 1042 Igitur
795 994 899 1031 Italia
921 994 1120 1037 decedens,
1149 997 1192 1032 ad
1217 994 1317 1042 ripas
1334 997 1463 1031 Danu-
1481 1006 1504 1031 2

58 1043 110 1082 bii
134 1043 329 1090 peruenit,
358 1054 399 1078 ac
420 1052 540 1088 partes
561 1041 707 1089 imperii
730 1043 886 1079 Romani
905 1043 1152 1091 septentrioni
1171 1044 1356 1082 subiectas.
1407 1042 1462 1080 lbi
1484 1053 1507 1090 3-

57 1103 121 1130 aut
139 1104 273 1139 corpus
292 1093 484 1127 exercebat
503 1091 717 1140 aurigando,
742 1092 1016 1141 caedendisque
1035 1094 1245 1130 comminus
1266 1105 1379 1129 omne
1401 1104 1465 1141 ge-

11 1149 21 1159 “’
57 1153 130 1182 rius
151 1138 292 1177 beluis:
321 1152 384 1176 aut
402 1138 458 1175 ius
478 1140 624 1176 dicebat
651 1141 783 1184 (rarius
805 1141 842 1177 id
864 1145 1004 1186 tamen)
1028 1142 1223 1189 statimque
1244 1142 1466 1180 sententiam

59 1191 186 1229 ferens
206 1201 247 1224 ac
264 1189 512 1235 respondens,
554 1189 719 1235 pauculis
737 1191 912 1227 duntaxat
935 1189 1083 1227 auditis.
1142 1193 1338 1229 Caeterum
1368 1188 1464 1228 Ger·
1483 1205 1506 1239 4

61 1251 190 1277 manos
217 1236 255 1284 k)
275 1237 352 1273 illic
372 1237 432 1273 libi
452 1249 580 1274 omnes
600 1237 768 1275 adiunxit
797 1250 910 1286 atque
940 1239 979 1275 in
1006 1239 1204 1276 amicitiam
1234 1239 1465 1281 conciliauit,

11 1323 16 1330 ,
59 1288 107 1326 fic
126 1298 166 1324 vt
194 1299 238 1323 ex
256 1286 313 1322 his
327 1286 453 1327 socios
485 1286 688 1341 bellorum,
726 1299 764 1324 et
784 1288 953 1325 custodes
980 1290 1171 1335 corporis‘,
1208 1290 1466 1327 validissimum

60 1347 250 1384 quemque
268 1345 306 1374 et
325 1335 609 1382 pulcherrimum
625 1361 636 1379 ,
666 1336 728 1374 fibi
752 1337 958 1374 adsciuerit.
1009 1339 1127 1384 Saepe
1151 1338 1263 1382 etiam
1293 1340 1464 1377 Romano
1483 1347 1503 1382 ς

60 1387 165 1424 cultu
177 1383 347 1431 deposito
366 1384 502 1420 vestem
517 1385 776 1423 Germanicam
799 1386 992 1428 induebat,
1011 1388 1123 1435 atque
1145 1387 1185 1424 in
1207 1402 1338 1426 eorum
1360 1389 1465 1437 sagu-

58 1435 103 1473 lis
124 1444 279 1483 argento
297 1433 493 1481 variegatis
514 1434 831 1481 conspiciebatur:
857 1438 969 1473 etiam
988 1435 1121 1473 flauam
1139 1437 1250 1485 capiti
1271 1439 1465 1475 caesariem
1484 1431 1508 1471 6

59 1486 283 1530 imponens,
303 1484 347 1520 ad
370 1482 523 1519 modum
542 1484 785 1522 Germanicae
805 1486 992 1524 tonsurae.
1052 1487 1199 1527 Quibus
1224 1487 1312 1525 laeti
1339 1488 1464 1524 barba·
1483 1494 1508 1529 1

61 1533 90 1570 ri
105 1559 114 1575 ‚
146 1530 300 1568 mirifice
319 1543 403 1568 eum
425 1532 602 1580 diligere,
659 1535 817 1582 gaudere
837 1535 949 1572 etiam
969 1535 1158 1573 Romanus
1181 1536 1310 1579 miles,
1354 1549 1468 1585 quem

61 1581 204 1619 scilicet
229 1581 293 1616 ille
324 1580 548 1627 amplissimis
575 1582 837 1630 largitionibus
863 1584 1161 1633 prosequebatur.
1214 1587 1293 1633 lpse
1322 1588 1469 1623 nullum
1488 1589 1507 1623 8

62 1644 143 1669 non
167 1629 321 1667 militiae
342 1642 477 1668 munus
500 1644 672 1678 prompte
692 1632 819 1674 obire:
844 1645 882 1671 et
904 1633 976 1671 fiue
999 1636 1091 1681 quid
1112 1634 1335 1673 fodiendum
1356 1637 1473 1677 foret.

62 1681 206 1729 primus
226 1678 378 1716 fodere:
404 1678 479 1716 siue
500 1693 592 1728 pons
612 1681 758 1718 flumini
777 1682 1045 1729 imponendus,
1074 1696 1138 1721 aut
1159 1687 1390 1723 extruendus
1409 1697 1469 1734 ag-

63 1741 157 1780 gen-
190 1727 265 1767 fiue
292 1729 396 1784 quod
417 1730 512 1776 opus
547 1743 720 1768 manuum
739 1731 975 1775 faciendum,
1008 1745 1074 1770 aut
1105 1735 1209 1770 labor
1243 1735 1470 1777 subeundus,

64 1779 207 1828 primus
228 1791 354 1813 omnia
374 1790 577 1826 occupare:
602 1779 784 1826 tenuique
803 1782 950 1824 mensa,
974 1794 1016 1818 ac
1032 1781 1206 1831 ligneolis
1228 1785 1384 1831 poculis,
1410 1796 1468 1819 va·
1488 1795 1512 1829 9

63 1828 184 1876 iisque
204 1826 478 1880 esculentorum
501 1840 703 1866 contentus
713 1830 802 1866 effe:
831 1843 1040 1879 panemque
1051 1833 1162 1869 etiam
1173 1844 1314 1871 temere
1334 1833 1472 1871 fastum

63 1875 233 1914 comesse.
283 1887 424 1923 quippe
451 1877 576 1913 tritico
605 1891 786 1926 quantum
809 1881 891 1917 satis
909 1881 972 1916 vni
992 1881 1116 1924 foret,
1152 1883 1212 1920 sua
1234 1897 1346 1920 manu
1365 1882 1471 1919 moli·
1496 1893 1540 1920 io

64 1938 130 1969 to,
157 1924 338 1973 massaque
359 1924 446 1962 inde
467 1925 559 1962 fasta
584 1939 697 1976 atque
716 1928 756 1964 in
776 1929 1003 1966 carbonibus
1024 1931 1187 1974 decocta,
1214 1932 1309 1969 vesci
1328 1932 1472 1973 solitus,

65 1974 189 2012 omnia
207 1975 369 2030 denique
388 1975 618 2023 elegantiora
638 1978 833 2022 aspernari,
852 1990 890 2015 et
907 1979 1087 2017 viliffimis
1106 1982 1330 2030 quibusque,
1355 1994 1395 2016 ac
1415 1981 1474 2016 vel

66 2036 301 2074 pauperrimo
325 2025 567 2072 gregarioque
587 2025 696 2062 militi
717 2026 907 2066 facillimis
937 2028 1004 2064 vti.
1057 2031 1095 2076 Ι)
1117 2032 1219 2067 Tum
1246 2029 1472 2066 commilito·
1497 2044 1539 2069 ιι

109 2121 155 2170 g)
180 2118 226 2156 fic
260 2130 299 2157 et
331 2119 372 2157 in
399 2120 482 2157 aliis
514 2122 627 2166 edit„
665 2135 748 2160 non
803 2123 906 2161 vium
936 2136 1125 2174 quemque
1150 2126 1344 2164 abduffiim
1363 2127 1480 2167 inter-

65 2182 184 2209 terra.
234 2169 352 2226 :Steph
511 2218 520 2225 θ
803 2171 998 2210 ficiebam:
1022 2185 1088 2211 aut
1106 2188 1352 2224 quaecunque
1369 2178 1481 2214 habe·

117 2220 154 2263 b)
179 2229 417 2267 quicunquae
443 2230 590 2268 aurigae
618 2221 746 2259 convi·
803 2222 877 2264 bat,
904 2222 1119 2269 eripientes,
1144 2236 1317 2273 tanquam
1338 2227 1483 2263 redem-

70 2269 154 2307 tiati
175 2267 302 2305 ess‘ent.
362 2268 479 2314 Steph.
801 2271 919 2307 tionis
941 2273 1100 2320 pretium
1115 2300 1125 2315 .
1149 2273 1206 2312 vix
1227 2278 1377 2314 tandem
1399 2289 1481 2324 par-

120 2318 150 2364 i)
176 2318 264 2353 sem.
296 2317 370 2354 vim
390 2315 580 2354 inferendi
602 2318 745 2366 rapien-
801 2321 945 2357 cebant.
1003 2323 1122 2371 Steph.

69 2366 108 2404 *di
139 2379 213 2415 que
241 2366 441 2414 potestate,
475 2378 552 2403 non
584 2367 652 2403 iam
677 2367 752 2405 dis·
852 2368 892 2413 k)
932 2370 1012 2407 Pol.
1045 2373 1123 2410 fere
1151 2373 1290 2422 ubique
1324 2374 1482 2413 ἐπέκεινα

41 2422 50 2426 “
71 2417 216 2454 crimen
245 2416 466 2452 adhibentes
499 2417 751 2463 inquirebant,
803 2419 854 2456 ita
874 2420 1010 2462 vertit,
1036 2423 1096 2460 sed
1117 2435 1325 2471 perperam,
1353 2438 1385 2461 ν.
1404 2427 1484 2461 An-

72 2467 224 2513 quinam
247 2464 395 2501 fuissent
417 2465 621 2512 protervius
644 2467 752 2502 locu·
803 2480 883 2506 not.
952 2471 1073 2521 Steph.

74 2515 147 2569 εἰς.
183 2513 283 2569 (fieri
325 2513 425 2550 enim
446 2527 547 2570 ‘non
591 2525 752 2570 poterat,
854 2519 883 2559 l)
912 2519 1012 2557 Tum
1035 2521 1172 2570 gratius
1193 2522 1262 2558 effe
1274 2521 1352 2564 fibi,
1380 2536 1485 2559 com-

75 2575 120 2601 ut
139 2574 411 2604 invenirentur,
445 2576 481 2599 in
501 2576 602 2600 tanta
623 2565 754 2612 populi
810 2566 1021 2606 militon'em
1051 2572 1094 2607 ab
1116 2572 1212 2614 illis,
1239 2584 1348 2619 quam
1382 2573 1483 2619 prin·

77 2611 345 2666 multitudine,
366 2613 543 2668 ‚nemine
571 2613 760 2650 confiten·
813 2615 936 2667 cipcm
957 2618 1101 2664 vocari,
1128 2619 1330 2661 simulabat.
1369 2623 1486 2672 Stepb.

79 2663 149 2710 te,)
189 2661 252 2700 sed
281 2673 436 2699 minime
455 2675 674 2712 parcentes,
698 2663 765 2701 ob-
