1707 3029
198 145 296 191 128
420 136 936 204 HElRODIANI
999 136 1486 186 HISTORIAE

128 283 172 318 ,4
190 259 276 307 igne
293 255 494 302 correptis,
518 255 613 292 vites
630 255 850 298 arboresque
870 249 1110 294 exciderunt,
1135 263 1363 300 omnemque
1390 254 1468 292 eius
1499 253 1620 303 regio-

128 331 144 357 ,
189 309 246 345 nis
267 318 435 342 ornatum
457 304 715 341 foedauerunt.
767 300 957 349 Siquidem
973 302 1144 337 arborum
1162 301 1395 349 comparibus
1411 303 1618 343 ordinibus,

190 371 229 393 ac
252 355 387 391 vitibus
411 354 506 390 inter
527 354 561 388 se
581 353 712 388 iunctis
732 363 770 386 et
788 350 826 385 in
855 350 1008 385 sublime
1022 349 1157 386 enectis
1170 375 1180 390 ,
1208 351 1252 386 ad
1266 350 1376 386 festae
1395 352 1622 389 celebritatis

190 406 369 453 speciem,
396 402 492 449 quali
512 399 661 437 coronis
682 399 900 448 quibusdam
925 397 1094 434 redimita
1127 399 1250 435 omnis
1277 400 1377 445 regio
1409 403 1620 439 videbatur,

129 471 172 505 1⁶
190 456 324 503 quibus
343 453 516 489 radicitus
537 450 682 488 excisis,
708 449 890 484 exercitus
909 447 952 482 ad
971 448 1067 494 ipsos
1086 448 1183 484 vrbis
1202 461 1328 484 muros
1355 447 1621 490 contendebat,

191 505 262 541 Sed
282 504 452 538 orrnibus
475 499 683 545 defatigatis
697 523 707 538 ‚
733 497 896 534 nonfuit
917 497 1146 544 imperatoris
1160 496 1353 533 confilium
1365 499 1621 545 vrbemipsam

127 577 173 610 17
190 555 304 589 statim
328 551 521 586 inuadere:
548 549 617 585 sed·
639 558 737 583 extra
762 547 827 582 teli
858 546 986 582 iastum
1017 543 1219 582 constituto
1247 545 1387 590 milite,
1425 547 1622 591 diuisoque

191 605 227 639 in
245 599 425 638 centurias
443 610 482 635 er
501 610 660 637 cuneos,
687 609 728 632 ac
750 594 913 642 partibus
939 595 1030 631 muri
1054 592 1168 630 totius
1189 594 1389 642 vnicuique
1409 596 1622 638 attributis.

189 665 264 688 vno
290 662 432 687 tantum
453 648 513 685 die
534 651 576 683 ad
598 645 902 693 requiescendum
924 644 1092 685 indulto,
1115 644 1233 680 statim
1254 644 1388 682 deinde
1404 656 1622 694 oppugnare
1657 662 1663 663 ⁷

127 722 168 755 13
188 702 313 738 vrbem
334 696 558 747 aggreditur.
609 696 723 744 Igitur
742 692 1050 731 machinamentis
1069 692 1303 729 omnifariam
1315 687 1486 740 admoth,
1506 706 1623 743 quum

125 762 134 775 ··
188 762 304 800 genus
335 745 623 793 oppugnationis
653 744 798 781 nullum
830 742 1184 789 praetermitteretur
1224 742 1380 787 plurima
1411 742 1552 779 scilicet
1579 754 1622 779 ac

124 823 168 858 19
190 796 460 846 propemodum
480 793 699 840 quotidiana
718 792 1150 828 certamimiedebantur.
1209 792 1357 828 Etenim
1388 791 1624 828 circumdatis

186 850 290 885 velut
310 844 480 893 indagine
500 842 654 890 quadam
680 841 816 884 muris,
843 852 1044 888 magnaque
1067 839 1101 874 vi
1123 851 1234 886 atque
1255 840 1439 877 alacritate
1459 852 1624 890 pugnam

122 922 169 947 ,0
187 895 390 941 capessente
410 892 552 935 milite,
577 891 782 928 resistebant
801 890 967 926 audaster
989 887 1269 933 Aquileienses,
1299 886 1497 937 clausisque
1527 902 1622 927 tem.-

187 945 256 994 plis
279 957 316 980 et
335 936 527 982 domibus,
552 940 712 977 vniuerli
733 953 815 976 cum
850 938 975 975 liberis
1004 948 1043 974 et
1068 935 1292 986 coniugibus
1317 939 1444 975 vrbem
1465 935 1622 986 desuper·

121 1021 163 1045 21
187 1008 207 1031 e
226 993 386 1030 torribus
407 1003 446 1027 ac
470 989 756 1040 propugnaculis
775 987 1027 1026 defensabant.
1080 998 1202 1033 neque
1227 998 1304 1025 erat
1321 987 1393 1023 vlla
1414 1000 1487 1024 tam
1505 986 1624 1026 inuti..

121 1070 167 1094 22
187 1044 230 1080 lis
255 1055 373 1084 aetas,
400 1052 494 1089 quae
517 1051 733 1088 pugnare
761 1051 827 1085 pro
846 1035 1003 1084 patria
1032 1035 1224 1072 recusaret.
1253 1037 1513 1074 Caeterum
1538 1037 1623 1074 sub-

186 1094 320 1129 vrbana
342 1089 468 1126 omnia
481 1116 491 1132 ,
515 1100 554 1126 et
573 1088 751 1137 quicquid
771 1098 870 1124 extra
891 1086 1017 1123 vrbem
1036 1083 1289 1122 aedificiorum
1306 1085 1438 1128 fuerat,
1464 1085 1624 1124 demoli-

186 1154 246 1180 tus
273 1143 309 1176 M
326 1137 582 1180 aximinus‚
607 1138 718 1185 lignis
738 1135 964 1183 materiaque
984 1134 1085 1171 omni
1109 1135 1154 1170 ad
1177 1134 1361 1171 machinas
1387 1135 1620 1179 abutebatur,

120 1218 141 1242 2
187 1188 320 1237 quibus
343 1189 436 1224 muri
454 1187 580 1224 saltem
601 1187 758 1234 aliquam
784 1197 923 1233 partem
937 1181 1200 1220 demoliretur:
1227 1195 1296 1232 qua
1317 1183 1492 1221 immissus
1513 1196 1621 1223 exer-

187 1240 280 1276 citus
301 1238 477 1283 diriperet
496 1236 621 1272 vrbem
640 1248 681 1271 ac
702 1235 892 1274 dirueret,
919 1244 1114 1279 totamque
1134 1245 1214 1267 eam
1232 1232 1363 1268 vastam
1390 1246 1477 1270 mox
1498 1232 1620 1269 deser-

119 1318 140 1342 2
185 1300 336 1336 tamque
356 1287 593 1332 relinqueret.
640 1286 775 1332 Neque
791 1282 890 1319 enim
917 1282 1092 1318 decorum
1114 1279 1178 1317 libi
1196 1291 1260 1317 aut
1279 1281 1527 1320 honorificum
1538 1283 1621 1319 fore

145 1318 167 1352 4
187 1338 258 1374 iter
278 1337 429 1372 Romam
451 1334 712 1373 arbitrabatur,
738 1331 803 1368 nisi
823 1333 949 1367 vrbem
972 1328 1181 1371 deleuilset‚
1205 1342 1297 1377 quae
1317 1330 1432 1377 prima
1457 1332 1496 1368 in
1518 1330 1623 1368 ltalia

118 1415 163 1448 ,ς
184 1385 388 1424 obstitisset.
447 1383 628 1431 roirc'a
647 1382 761 1418 multa
786 1380 1004 1428 pollicentes
1023 1389 1133 1427 atque
1157 1377 1407 1421 ostentantes,
1436 1380 1514 1427 ipse
1534 1392 1622 1417 cum

92 1435 104 1440 ²
186 1434 284 1477 filio,
312 1446 422 1482 quem
457 1436 631 1469 caesarem
663 1431 825 1471 fecerat,
867 1428 1137 1474 obequitabant
1164 1427 1364 1470 militibus,
1409 1441 1549 1475 eosque
1575 1427 1622 1465 ad

119 1507 166 1538 2⁶
188 1486 425 1533 pugnandum
449 1482 580 1517 acriter
600 1481 902 1517 adhortabantur.
953 1478 1155 1514 Enimuero
1176 1475 1432 1524 Aquileienses
1459 1476 1537 1515 saxa
1558 1479 1622 1515 de-

185 1535 290 1579 super
314 1533 516 1572 iaciebant,
545 1530 771 1577 sulphurque
792 1526 974 1564 bitumine
996 1539 1036 1561 ac
1056 1525 1135 1572 pice
1156 1525 1311 1562 mixtum
1329 1530 1366 1569 r)
1385 1525 1510 1568 doliis,
1527 1538 1623 1574 quo-

185 1594 268 1620 rum
292 1580 479 1616 manubria
508 1579 699 1626 longiora,
735 1578 1011 1613 immittebant:
1043 1587 1155 1621 arque
1180 1586 1220 1610 vt
1249 1573 1408 1621 primum
1437 1576 1622 1613 exercitus

187 1631 299 1667 muris
319 1629 551 1670 suci-efferar,
578 1629 727 1675 ignibus
748 1626 895 1663 inieftis
916 1622 1417 1673 dispergebantvnanimiter
1443 1623 1620 1662 imbrium

186 1680 271 1717 ritu.
322 1678 576 1720 Quamobrem
596 1679 656 1723 pix
682 1676 742 1712 illa
767 1688 849 1711 cum
872 1673 1037 1714 caeteris,
1062 1685 1154 1721 quae
1179 1672 1281 1719 supra
1302 1672 1475 1712 diximus.
1499 1683 1623 1720 partes

185 1730 301 1766 nudas
333 1726 500 1774 corporis
521 1726 690 1767 subiens,
715 1726 749 1772 s)
772 1724 936 1772 vndique
955 1721 1249 1759 diffundebatur:
1276 1721 1324 1757 fic
1343 1733 1385 1757 vt
1404 1720 1509 1758 miles
1531 1721 1621 1759 lori·

184 1791 242 1814 cas
269 1789 439 1823 armaque
459 1788 620 1817 caetera,
647 1775 746 1811 ferro
776 1772 1076 1810 excandescente,
1104 1771 1291 1817 coriisque
1309 1770 1472 1819 aclignis
1491 1771 1621 1808 arden-

185 1829 307 1872 tibus,
339 1826 723 1871 contrahentibusque
747 1822 804 1862 se,
832 1821 962 1867 raptim
990 1821 1178 1857 abiiceret.
1229 1821 1522 1867 ltaquecernere
1541 1830 1622 1858 erat

186 1876 371 1913 milites
402 1886 498 1909 arma
513 1873 576 1908 libi
594 1873 688 1919 ipsos
708 1871 964 1912 detrahentes,
992 1880 1085 1916 quae
1114 1867 1314 1915 spoliorum
1344 1867 1524 1914 speciem,
1559 1870 1625 1906 ab·

187 1924 276 1962 iesta
300 1924 423 1963 humi,
452 1934 665 1961 commento
686 1921 799 1969 magis
830 1919 949 1956 artis
965 1944 975 1960 ‚
1002 1930 1107 1965 quam
1133 1916 1168 1951 vi
1189 1916 1452 1966 pugnantium.
1479 1917 1624 1965 praefe-

186 1974 327 2011 rebant.
381 1974 430 2008 Ex
452 1985 527 2020 quo
549 1971 681 2008 factum
696 1970 759 2011 est,
784 1981 826 2005 vt
837 1967 1024 2016 plerisque
1045 1965 1223 2002 militibus
1242 1976 1306 2002 aut
1317 1965 1623 2016 oculiextingue.

146 2007 168 2041 9
185 2034 334 2062 rentur,
357 2033 418 2058 aut
439 2022 598 2057 summae
621 2021 696 2055 oris
717 2030 847 2066 partes,
879 2027 1086 2061 manusque
1108 2017 1211 2057 item,
1242 2025 1281 2050 et
1299 2013 1323 2051 fi
1343 2027 1412 2062 qua
1435 2028 1623 2063 praeterea

144 2105 167 2129 0
186 2072 279 2109 nuda
304 2071 340 2106 in
365 2083 520 2116 corpore
544 2071 731 2114 patebant.
764 2065 914 2115 ignibus
934 2064 1248 2102 labefactarentur.
1276 2064 1347 2101 Sed
1366 2076 1405 2101 et
1424 2064 1623 2102 machinis:

120 2102 138 2141 3
186 2134 277 2168 quac
303 2133 406 2156 muro
429 2120 742 2156 admonebantur,
771 2116 925 2163 desuper
945 2120 1068 2151 taedas
1094 2113 1312 2149 iniiciebant
1335 2113 1415 2159 pice
1445 2126 1487 2150 ac
1507 2113 1626 2152 retina

185 2171 316 2206 oblitas
332 2196 342 2211 ,
372 2182 522 2216 quar-„im
536 2168 746 2205 extremitas
768 2177 998 2204 mucronem,
1022 2164 1126 2199 velut
1145 2161 1307 2210 sagittae,
1332 2163 1501 2200 haberet:
1528 2175 1625 2210 quae

183 2230 296 2265 quum
319 2222 489 2255 accensae
508 2218 792 2259 deferebantur,
815 2213 948 2252 infixae
965 2213 1277 2257 inhaerentesque
1295 2211 1489 2255 machinis,
1511 2212 1624 2250 facile

181 2266 321 2304 scilicet
350 2268 430 2303 illas
456 2269 754 2304 concremabant.

118 1709 166 1743 27

120 1854 166 1886 28

184 2381 337 2429 quidem
359 2395 488 2420 omnes
514 2396 586 2431 que
606 2384 754 2420 arbores
780 2380 877 2418 exci-
977 2379 1015 2424 r)
1045 2374 1131 2413 vafis
1150 2374 1339 2418 (011021ῑῖ3,
1363 2376 1620 2426 oblongum·

184 2435 332 2470 derunt,
363 2434 539 2469 nonnulla
558 2433 667 2468 eriam
691 2443 877 2468 cremaue·
927 2425 980 2464 sas
1006 2424 1241 2466 habentibus,
1268 2425 1333 2462 Gr·
1360 2426 1451 2473 Sylb-

183 2490 289 2520 rnnt3
316 2492 355 2514 ac
387 2491 524 2524 totam,
560 2481 775 2529 quaevlocis
804 2480 877 2516 inis
1172 2493 1173 2497 ¹

183 2527 346 2570 suberat,
389 2530 710 2572 pulchritudinem
749 2531 877 2568 foeda·
969 2527 1002 2564 s)
1026 2525 1118 2560 Puto
1152 2522 1234 2559 Pol·
1263 2521 1455 2572 scripfiffe,
1509 2523 1620 2563 vndi-

180 2587 327 2615 verunt.
373 2580 488 2626 Seepb.
924 2585 1061 2623 quaque
1090 2570 1169 2610 diff.
1208 2572 1329 2623 steph.
