1707 3029
540 89 580 133 L
617 87 638 131 1
673 89 708 134 B
741 90 779 136 E
815 89 856 136 R
925 89 949 134 I
980 90 1003 135 1
1037 91 1071 138 I.
1449 90 1511 146 63

79 200 472 248 tamenAntoninus,
514 199 794 244 intolerandus,
828 198 973 238 sublato
1006 202 1078 239 iam
1103 214 1125 239 e
1152 203 1279 241 medio
1309 202 1519 248 Plautiano,

76 256 108 301 i)
126 251 379 299 terribilisque
399 261 438 288 et
458 248 721 287 formidolosus
740 260 817 286 erat
836 248 1032 288 omnibus:
1061 261 1140 288 tum
1159 252 1261 290 illius
1278 264 1398 295 natae,
1427 254 1545 290 con-6

76 302 156 352 iugi
176 301 319 337 scilicet
336 300 432 340 suae,
458 297 594 346 quibus
612 300 770 336 maxime
796 299 933 336 artibus
952 310 1016 336 aut
1036 300 1217 338 machinis
1247 313 1408 349 poterat,
1431 301 1516 338 exi·

75 353 171 390 tium
193 348 426 386 intendebat.
460 349 511 384 At
527 350 684 384 Seuerus
705 348 820 395 ipsam
839 346 877 393 k)
899 343 1035 395 parite'r
1054 362 1139 389 cum
1158 349 1287 392 filiolo,
1307 362 1422 399 quem
1448 358 1544 398 pe-7

74 410 235 451 peterat,
260 395 440 446 relegauit
461 396 499 433 in
518 396 703 438 Siciliam,
729 397 823 433 datis
841 398 974 445 opibus
992 409 1151 446 quantae
1176 401 1220 437 ad
1240 400 1379 436 vietum
1405 411 1520 446 atque

33 472 35 475 -
74 450 178 486 vsum
201 448 348 484 abunde
367 445 596 482 sufficerent:
624 446 790 482 imitatus
816 447 855 483 in
884 448 957 483 hoc
973 448 1197 496 Augustum,
1223 448 1289 498 qui
1313 447 1411 484 tilios
1439 451 1542 489 A-n··8

74 497 194 539 tonii,
233 496 467 544 posteaquam
504 494 614 531 hostis
651 494 833 531 iudicatus
861 496 931 538 est,
983 499 1116 534 eodem
1143 498 1259 534 modo
1289 496 1517 535 traetauerit.

71 550 110 596 l)
138 546 217 596 lpse
245 545 289 581 ad
318 556 444 587 pacem
470 542 783 592 concordiamque
810 557 986 581 reuocare
1012 546 1174 588 liberos,
1212 558 1253 583 et-
1270 546 1526 583 reconciliare-

73 606 274 643 vtrumque
303 593 409 630 alteri
437 593 660 629 conabatur:
709 592 915 630 admonens
942 595 1149 631 identidem
1176 606 1349 633 veterum
1377 594 1519 632 fabula-

71 658 168 686 rum,
195 645 235 680 in
254 644 387 692 quibus
411 643 608 690 pleraeque
629 653 756 690 regum
783 643 1007 680 calamitates
1034 642 1207 681 fraternis
1233 656 1339 682 ortae
1363 643 1517 681 seditio-

70 695 182 733 nibus
208 702 473 728 memorantur.
525 692 609 727 Huc
627 691 797 733 addebat,
823 692 1009 729 thesauros
1033 694 1082 740 m)
1102 694 1317 742 templaque
1342 693 1540 741 pecuniis,

71 745 182 793 plena
201 741 283 783 effe,
312 739 461 776 diuitias
474 739 567 776 foris
584 753 628 777 ex
646 741 884 787 vectigalibus
904 742 1102 778 accedere:
1122 742 1222 789 posse
1240 743 1281 779 in
1303 754 1408 779 tanta
1420 755 1515 788 opu-

70 791 186 831 lentia
206 790 362 826 militem
384 788 582 837 largitione
600 790 742 826 teneri:
766 790 885 826 suetas
914 791 953 827 in
973 791 1218 839 quadruplum
1248 792 1378 839 copias
1406 794 1566 828 vana-10

69 854 157 880 nas:
183 850 327 877 tantum
354 838 481 874 sedere
499 839 700 876 exercitum
727 849 815 876 ante
833 840 956 876 vrbem
972 865 983 881 ‚
1010 850 1051 876 vt
1067 841 1166 877 nulla
1185 852 1337 877 externa
1351 841 1426 881 vis,
1452 839 1564 876 scuu:

68 887 349 928 multitudinem
377 887 487 934 ipsam
508 886 691 931 militum,
710 888 773 925 seu
800 900 1000 935 corporum
1022 888 1332 937 magnitudinem,
1360 888 1427 926 seu
1452 901 1516 936 pe-

67 940 200 978 tuniae
229 936 490 974 abundantiam
513 936 672 983 spectes,
708 948 772 984 par
798 936 960 974 inueniri
988 940 1102 975 tantis
1120 939 1257 985 opibus
1276 939 1402 986 poffit.
1451 937 1564 974 sedrz

70 1003 112 1028 ea
132 990 171 1026 in
197 986 355 1023 nihilum
375 985 555 1028 recasura,
578 984 661 1032 ipsis
681 984 780 1022 inter
797 985 834 1023 se
852 986 1146 1025 discordantibus
1164 999 1274 1037 atqu-e
1293 987 1515 1025 intestinum

67 1035 292 1089 agitantibus
320 1035 470 1071 bellum.
521 1035 625 1070 Haec
643 1035 705 1072 ille
732 1035 905 1082 quotidie
928 1036 1147 1080 edisserens,
1171 1049 1382 1084 precesque
1411 1036 1563 1081 casti-13

69 1086 282 1139 gationibus
305 1082 525 1126 admiscens,
549 1083 754 1131 reprimere
776 1084 927 1122 illorum
954 1085 1125 1132 spiritus,
1149 1098 1191 1122 ac
1218 1086 1403 1124 reducere
1437 1097 1516 1134 ger·

68 1149 201 1176 manos
223 1135 262 1170 in
286 1132 438 1182 gratiam
458 1133 636 1169 studebat.
687 1135 887 1169 Caeterum
915 1135 1038 1170 omnia
1066 1135 1192 1171 frustra
1213 1145 1330 1171 erant.
1369 1136 1564 1182 quippcsu

66 1188 215 1226 fraenos
235 1196 300 1218 ore
323 1182 551 1228 depulerant,
577 1181 686 1228 proni
712 1182 853 1228 semper
881 1182 920 1218 in
941 1183 1060 1228 peius.
1107 1182 1234 1231 Atque
1252 1184 1350 1225 illos,
1377 1183 1515 1220 adole-

68 1237 214 1274 scentes
233 1231 366 1271 adhuc,
395 1231 433 1266 in
452 1230 533 1277 ipso
554 1231 682 1266 aetatis
708 1230 860 1267 feruore
887 1242 999 1278 atque
1026 1231 1066 1267 in
1085 1231 1224 1269 summa
1243 1231 1413 1274 licentia,
1445 1244 1513 1267 vo-

68 1286 254 1332 luptatum
283 1279 452 1316 omniurn
480 1278 718 1316 irritamentis
739 1279 936 1322 incitatos,
961 1280 1074 1317 etiam
1093 1281 1326 1318 adulatorum
1346 1280 1514 1316 ministe-

68 1335 120 1372 ria
148 1329 311 1368 diuersos
334 1329 556 1367 trahebant:
582 1327 723 1365 scilicet
748 1327 811 1376 qui
831 1341 910 1365 non
940 1329 1055 1365 modo
1084 1330 1238 1367 illorum
1259 1330 1562 1377 obsequemur-15

68 1394 130 1427 tm
149 1377 386 1427 cupidinibus
406 1390 514 1431 atque
535 1375 706 1425 flagitiis,
734 1377 796 1413 sed
815 1390 912 1414 noua
936 1379 1079 1427 semper
1105 1379 1225 1427 aliqua
1238 1380 1516 1428 excogitarent,
1539 1412 1541 1414 ,

65 1432 164 1469 vnde
184 1428 289 1466 alteri
311 1439 450 1476 gratum
471 1428 599 1467 heret,
625 1427 716 1462 alter
745 1425 1006 1464 offenderetur.
1059 1430 1236 1472 Quorum
1264 1428 1378 1464 etiam
1407 1427 1563 1464 non-³16

63 1481 187 1520 nullos
208 1481 366 1516 Seuerus
384 1477 474 1526 ipse,
496 1476 538 1514 in
554 1475 816 1514 huiuscemodi
844 1476 1054 1515 ministeriis
1070 1477 1344 1526 deprehensos,
1368 1476 1512 1527 suppli-

60 1531 120 1568 cio
148 1527 283 1566 affecit.

67 1726 69 1728 ·
113 1702 143 1751 ἱ)
165 1702 244 1751 (sed
275 1701 482 1740 reuerentia·
503 1707 541 1738 e‘t
559 1709 680 1738 metus
696 1710 761 1748 pa-

62 1753 130 1792 tris
151 1753 336 1792 obstabat,
363 1764 439 1799 quo
469 1749 591 1787 minus
622 1750 761 1798 grauis-

60 1801 189 1840 sumum
209 1801 410 1850 quodpiam
424 1801 556 1837 malum
569 1799 759 1847 patrm-en)

61 1864 175 1900 atque
196 1850 294 1888 illius
313 1863 430 1892 natae,
442 1850 541 1886 coni.
568 1861 663 1896 quae
681 1849 756 1884 vel·

63 1914 108 1940 ut
131 1913 194 1947 per
232 1899 464 1948 parenthesin
494 1899 691 1939 dicuntur,
718 1908 758 1933 et

59 1952 192 1998 procul
221 1951 264 1985 ab
292 1947 337 1985 iis
364 1948 518 1990 absunt,
553 1959 646 1994 quae
672 1947 754 1983 Pol.

59 1999 175 2037 affert.
200 1998 319 2046 Steph.

108 2047 147 2094 k)
172 2060 207 2093 p.
237 2058 323 2082 cum
354 2046 468 2082 fratre
497 2047 628 2094 releg„
652 2042 759 2092 fiqui-

59 2096 146 2134 dem
164 2096 309 2140 ἀδελφὸν
338 2095 515 2142 legamus.
540 2094 658 2139 Steph.

104 2148 134 2192 l)
157 2144 237 2192 lpse
254 2144 390 2180 liberos
409 2144 551 2190 semper
570 2142 614 2177 ad
635 2139 759 2176 amici-

57 2196 152 2234 tiam
192 2193 374 2230 adducere
412 2193 636 2230 conabatur:
698 2189 760 2226 ad-

58 2246 213 2282 hortans
253 2254 327 2290 que
365 2241 408 2277 ad
451 2240 690 2277 concordiam
717 2246 758 2273 et

59 2291 298 2334 consensum,
340 2289 480 2328 fabula-s
508 2289 679 2337 antiquas
718 2296 758 2322 et

59 2341 264 2392 tragoedias
295 2341 335 2377 in
359 2338 576 2377 memoriam
605 2338 677 2375 illis
699 2347 757 2371 re-

60 2392 236 2430 vocabam
273 2389 416 2438 semper
444 2401 572 2437 regum
601 2387 758 2423 fratrum

59 2439 284 2479 calamitates
303 2452 345 2475 ex
363 2437 510 2474 diffidiis
529 2447 631 2475 ortas
646 2439 758 2471 'c‘om-

59 2500 281 2527 memoranS.
308 2490 350 2524 ln
368 2487 678 2535 interpretatione
695 2495 758 2519 au·

47 2550 138 2576 ‘tem
165 2537 266 2574 vocis
294 2539 471 2583 δραμάτων
499 2535 655 2583 speciem
685 2544 752 2580 pro

60 2599 198 2638 genere
223 2585 354 2636 posui3
390 2586 493 2636 quod
521 2585 614 2624 ficut
636 2586 753 2630 μῦθοι,

809 1700 861 1739 ita
873 1701 982 1739 etiam
994 1697 1395 1748 Bedparu,[.atinissint
1402 1703 1512 1749 fabu-

808 1753 886 1793 lae3
916 1752 1058 1789 diuersa
1082 1763 1207 1789 tamen
1223 1750 1510 1800 significatione.

807 1801 927 1851 Steph.

855 1853 905 1896 m)
932 1851 1068 1898 templa
1096 1863 1169 1900 que
1192 1848 1320 1886 omnia
1337 1849 1509 1897 pecuniis

805 1900 874 1937 effe
896 1900 1022 1947 plena:
1041 1913 1082 1936 ac
1099 1900 1219 1936 nullas
1238 1911 1343 1945 opeS‚
1363 1897 1509 1935 nullam

806 1950 1018 1997 potentiam
1064 1951 1108 1986 ad
1148 1960 1317 1985 externas
1343 1946 1509 1984 ‘infidias

807 1999 982 2035 idoneam
1002 1997 1105 2034 fore:
1133 2009 1247 2045 quum
1278 2004 1381 2032 tanta
1403 1995 1509 2032 domi

808 2047 897 2083 esset
917 2045 1130 2094 opulentia,
1159 2056 1201 2081 vt
1220 2043 1399 2080 militibus
1419 2044 1509 2080 affa-

807 2097 877 2132 tim
900 2095 1024 2144 largiri
1053 2094 1204 2134 liceret3
1231 2104 1274 2129 et
1291 2104 1407 2140 quum
1426 2105 1508 2136 eae,

807 2155 901 2192 quae
919 2145 1056 2180 Romae
1076 2154 1194 2184 erant,
1210 2140 1339 2188 copiae
1356 2141 1398 2179 in
1417 2153 1509 2190 qua-

809 2193 985 2240 druplum
1004 2191 1127 2228 anetae
1152 2190 1304 2227 forent:
1332 2190 1426 2239 quin
1446 2201 1508 2228 et-

805 2244 877 2280 iam
906 2253 1029 2278 tantus
1057 2251 1143 2276 ante
1167 2238 1295 2276 vrbem
1322 2240 1508 2277 exercitus

807 2291 1010 2331 collocatus
1036 2289 1144 2331 esset,
1168 2300 1210 2326 vt
1232 2288 1332 2326 nulla
1355 2299 1508 2325 externa

807 2339 977 2389 potentia
997 2351 1063 2388 par
1081 2338 1114 2374 ei
1142 2338 1212 2375 ess'e
1227 2349 1340 2384 atque
1358 2337 1508 2374 obsiste-

806 2403 846 2427 re
865 2389 1022 2429 valeret;
1048 2386 1121 2424 fiue
1139 2387 1214 2436 ipsa
1233 2386 1398 2423 militum
1409 2387 1506 2423 mul-

804 2437 981 2479 titudine,
1003 2436 1076 2474 siue
1096 2447 1296 2484 corporum
1320 2435 1508 2483 magnitu-

806 2489 918 2529 dine,
942 2486 1014 2534 lIue
1041 2486 1152 2525 etiam
1177 2484 1361 2535 pecuniae
1387 2485 1506 2523 abun·

802 2535 938 2574 dantia.
962 2536 1080 2585 Steph.
