1707 3029
456 143 773 188 LIBER
849 142 979 188 vm.
1374 149 1472 192 131

34 265 129 302 adeo
151 260 335 302 omnium,
354 269 442 306 quas
464 259 640 306 praebere
656 257 871 295 hominibus
884 257 1002 305 posset
1017 254 1146 292 ciuitas
1157 255 1262 291 beata
1284 252 1479 291 etflorens.

33 314 152 362 Igitur
183 311 297 359 magis
328 308 516 357 magisque
544 321 585 344 ea
622 320 678 344 res
706 308 907 345 exercitum
936 304 1205 351 obstupefecit,
1247 303 1475 350 cogitantem
1494 318 1518 352 7

30 362 135 401 fuisse
157 361 228 396 illis
250 360 395 395 abunde
415 358 560 398 omnia,
588 357 697 393 etiam
718 357 760 392 ad
780 355 991 405 longiorem
1018 353 1244 391 obsidionem
1265 351 1475 387 suffectura:

30 421 240 457 contraque
277 408 312 444 se
342 419 468 456 magna
501 406 656 454 egestate
682 406 871 447 omnium,
927 405 1029 452 prius
1058 403 1250 449 aliquanto
1278 401 1476 447 perituros,

30 472 139 508 quam
160 460 250 495 vrbe
270 457 440 492 omnibus
460 455 744 492 circumfluente
775 456 894 503 copiis
928 454 1154 502 potirentur.
1214 453 1266 486 lta
1299 461 1473 485 manente
1493 464 1512 496 3

31 510 96 549 sub
119 507 229 544 muris
249 506 437 546 exercitu,
479 517 517 541 et
538 518 630 550 quae
660 505 798 551 cuique
821 505 895 540 vsui
924 504 1073 543 forent,
1120 500 1208 537 inde
1236 499 1475 540 sumentibus,

31 555 411 604 colloquentibusque
433 556 529 604 inter
550 555 609 595 se,
655 555 751 599 pacis
785 565 864 589 erat
895 552 1154 597 amicitiaeque
1179 549 1281 585 velut
1312 547 1471 588 habitus,
1493 565 1514 598 9

31 616 207 645 manente
226 604 346 640 adhuc
365 602 566 640 obsidionis
588 603 730 650 specie,
756 615 872 650 quum
891 602 1033 639 scilicet
1052 599 1166 636 clausa
1205 595 1353 633 moenia
1385 598 1412 631 R
1426 608 1476 629 o·

31 666 162 694 manus
182 653 452 691 circumsideret
473 653 663 689 exercitus.
714 655 746 700 e)
776 654 871 689 Dum
886 653 974 687 baec
995 649 1039 686 ad
1052 647 1258 695 Aquileiam
1283 656 1474 694 geruntur,
1496 663 1541 688 10

31 707 175 743 interea
196 702 363 749 equites,
408 702 472 750 qui
506 700 699 738 Maximini
733 713 844 748 caput
885 701 1074 736 Romam
1105 698 1295 736 ferebant,
1342 704 1475 741 magno

28 753 152 792 studio
178 755 448 789 accelerantes,
478 751 691 797 patentibus
714 752 854 799 vbique
886 763 940 797 po
956 748 1050 785 rtis
1071 759 1113 782 ac
1132 746 1288 781 laureata
1319 744 1473 790 popula-

32 802 131 840 tium
150 799 361 847 frequentia
380 800 551 849 excepti,
579 800 711 849 stagnis
733 799 1004 846 paludibusque
1024 797 1120 832 inter
1138 793 1309 830 Altinum
1337 805 1378 826 ac
1407 793 1475 827 Ra·
1498 813 1538 838 ¹1

33 863 195 889 vennam
217 849 447 899 enauigatis‚
474 850 678 886 Maximum
701 848 740 884 in
761 850 850 884 vrbe
870 849 926 884 Ra
941 857 1098 884 uenna
1130 845 1379 882 inuenerunt,
1414 840 1475 874 de-

34 901 149 938 lectos
170 912 212 935 ex
238 900 328 936 vrbe
350 910 388 934 et
408 899 509 935 Italia
532 900 816 942 contrahentem
837 898 998 937 milites,
1026 908 1065 932 ac
1085 895 1356 930 Germanorum
1376 888 1477 925 auxi-
1498 912 1542 937 12

34 949 164 990 liares,
219 947 282 996 qui
303 947 590 985 beneuolentiae
619 948 772 982 nomine
800 947 946 994 publice
982 959 999 980 a
1025 941 1354 991 popularibus
1388 937 1478 974 miffi

36 999 210 1041 fuerant,
238 996 374 1044 quibus
396 997 486 1033 olim
517 996 754 1033 Maximus
783 1009 864 1032 cum
888 994 1046 1042 imperio
1077 990 1349 1034 diligentiffime
1375 999 1476 1034 prae-

35 1047 170 1084 fuerat.
222 1048 318 1094 Ergo
338 1046 480 1093 paranti
502 1044 626 1093 copias
648 1045 822 1081 aduersus
849 1042 1078 1081 Maximin
1097 1054 1191 1082 um,
1231 1050 1385 1085 repente
1416 1048 1477 1071 oc·
1499 1055 1541 1095 ¹3

39 1106 190 1133 currunt
207 1096 374 1144 equites,
397 1095 523 1142 ‘capita
553 1095 716 1131 ferentes
745 1094 979 1143 principum,
1009 1091 1271 1136 vistoriamque
1303 1085 1479 1124 nuntian—

38 1157 118 1189 tes,
151 1157 188 1182 et
208 1157 326 1181 rerum
357 1145 549 1192 prosperos
577 1143 774 1184 successus,
801 1143 858 1190 f)
895 1142 1191 1186 consensumque
1221 1135 1479 1173 exercitus

38 1206 78 1232 et
105 1195 278 1242 populi
309 1194 352 1230 ad
375 1194 526 1230 eosdem
558 1193 740 1228 colendos
764 1192 1035 1238 principes,
1064 1201 1157 1237 quos
1185 1187 1378 1222 senatus
1406 1185 1480 1219 ele-

36 1244 152 1292 gisset.
205 1243 272 1279 His
294 1241 406 1290 igitur
435 1253 626 1289 praeter
656 1242 753 1285 spem
782 1239 1057 1277 nuntiatis,
1102 1236 1219 1272 statim
1239 1235 1281 1270 ad
1306 1247 1384 1270 aras
1411 1232 1479 1267 sa·
1501 1258 1545 1294 14

39 1291 275 1329 crificatu
291 1304 324 1327 m
353 1290 587 1330 discurritur,
622 1290 811 1326 vistoriam
832 1288 1053 1326 canentibus
1073 1283 1272 1323 vniuersis,
1299 1295 1406 1330 quam
1428 1281 1480 1316 ci-

38 1352 93 1378 tra
120 1341 283 1387 pulueris
305 1339 518 1387 iactumfibi
540 1351 771 1386 pepererant.
834 1339 1036 1375 Enimuero
1058 1337 1095 1371 M
1111 1333 1183 1371 axi
1198 1347 1230 1369 m
1249 1346 1299 1369 us
1336 1330 1480 1378 peracto
1502 1355 1546 1390 15

40 1388 217 1428 :sacrificio
250 1390 316 1426 Ro
333 1401 394 1424 ma
412 1402 446 1424 m
475 1389 634 1428 dimittit
654 1388 813 1434 equites,
839 1400 880 1426 vt
904 1401 978 1424 rem
1001 1386 1132 1435 gestam
1157 1385 1296 1431 populo
1319 1389 1481 1418 narrent.

39 1450 80 1476 et
98 1439 219 1484 capita
242 1438 302 1474 illa
320 1438 521 1485 perferant.
574 1438 650 1484 Qi
672 1437 860 1484 postquam
882 1449 1086 1486 peruenere
1114 1434 1153 1470 in
1181 1433 1307 1468 vrbem
1324 1456 1333 1470 2
1369 1440 1480 1475 atque
1504 1446 1547 1481 15

32 1489 78 1538 g)
107 1485 217 1523 infixa
244 1487 366 1524 contis
393 1485 673 1536 ho‘stiliatcapita
705 1488 880 1524 omnibus
910 1483 1174 1533 conspicienda
1214 1480 1482 1528 praetulerunt,

37 1549 153 1574 nemo
181 1536 311 1584 vtique
342 1537 463 1573 verbis
496 1536 580 1572 vilis
607 1536 784 1584 consequi
817 1536 934 1584 posset
969 1535 1100 1571 festum
1131 1531 1382 1575 laetitiamque
1401 1526 1482 1563 eius

38 1586 128 1623 diei.
175 1587 285 1623 Nulla
308 1586 448 1634 quippe
468 1586 541 1622 fuit
559 1598 672 1626 aetas,
698 1598 793 1632 quae
813 1598 891 1621 non
914 1586 957 1622 ad
977 1596 1052 1621 aras
1074 1595 1112 1619 et
1132 1581 1268 1627 templa
1291 1576 1481 1615 festinarit,
1505 1603 1549 1639 ¹7

39 1648 154 1672 nemo
174 1635 237 1682 qui
257 1635 357 1672 domi
383 1636 418 1671 se
441 1634 700 1672 continuerit:
737 1634 923 1681 sed1ibant
949 1646 1019 1670 ceu
1050 1629 1252 1681 lymphati,
1297 1636 1485 1674 gratantes

41 1683 227 1726 inuicem,
253 1697 365 1732 atque
386 1684 425 1721 in
453 1684 588 1721 circum
611 1684 725 1721 veluti
746 1685 869 1721 futura
889 1684 1074 1720 concione
1085 1682 1303 1727 frequentes
1323 1686 1485 1711 concur-

43 1735 188 1788 rebant.
233 1734 386 1781 Ipseque
409 1734 584 1770 Balbinus
607 1735 845 1776 hecatombas
865 1733 1099 1771 immolabat,
1127 1729 1298 1775 nullique
1319 1737 1396 1760 non
1411 1736 1485 1777 maj
1507 1744 1549 1779 ις

43 1781 230 1832 gistratus,
258 1783 348 1820 nulli
373 1796 450 1819 non
476 1796 495 1818 c
517 1782 703 1819 senatorio
732 1784 867 1819 ordine
894 1781 1107 1818 laetabundi
1136 1779 1242 1824 supra
1270 1786 1381 1821 quam
1411 1773 1485 1807 dici

42 1830 159 1886 pollet
177 1833 387 1880 agitabant,
422 1832 516 1879 quasi
545 1834 699 1869 securim
730 1832 937 1870 ceruicibus
968 1830 1226 1867 imminentem
1249 1822 1488 1865 excussissem.

45 1880 159 1929 Igitur
178 1882 304 1920 nuntii
324 1881 509 1931 legatique
528 1895 594 1931 per
614 1895 744 1920 omnes
766 1881 976 1931 prouincias
993 1875 1459 1917 laureatidimittebantur.

715 1998 799 2036 Vll.

47 2078 257 2148 Dumque
275 2080 319 2118 ad
333 2083 434 2119 hunc
451 2080 606 2117 modum
630 2084 729 2116 tanta
752 2080 960 2115 Romanum
977 2090 1061 2125 pop.
1077 2073 1217 2112 laetitia
1231 2072 1406 2111 tenebat,
1433 2069 1493 2105 in-

145 2141 244 2168 terea
265 2132 332 2167 Ma
346 2128 388 2167 xi
403 2143 436 2166 m
448 2141 472 2165 u
484 2143 498 2165 s
527 2131 702 2165 Rauenna
726 2129 912 2175 profenus
932 2126 1141 2174 Aquileiam
1169 2122 1354 2170 peruenit,
1366 2129 1491 2156 trans-

0 2182 1 2219 Ξ
47 2179 156 2218 miffis
177 2181 384 2230 paludibus,
406 2180 446 2215 in
466 2190 556 2228 quas
575 2178 709 2216 fluuius
734 2178 772 2225 h)
799 2177 978 2214 Eridanus
997 2187 1038 2212 ac
1057 2174 1179 2211 vicina
1210 2171 1399 2209 exundant
1421 2167 1492 2204 sta-

53 2316 65 2319 *
100 2317 134 2362 e)
164 2315 273 2357 Quae
286 2311 746 2360 Stephanihucpertinete
799 2311 835 2348 d.
857 2309 954 2347 illius
973 2307 1024 2346 sui
1046 2305 1166 2343 hostis.
1218 2307 1275 2340 Ac
1294 2298 1493 2339 fitmentio

51 2364 271 2407 videantur,
305 2363 355 2400 cf.
381 2361 484 2409 supra
520 2374 552 2397 c.
585 2373 614 2406 5.
653 2360 684 2409 §.
714 2364 747 2397 6.
798 2359 906 2396 vnius
924 2369 1069 2396 tantum
1088 2353 1242 2403 capitis,
1269 2349 1496 2401 patrisvide-

52 2416 143 2452 Irnt.
798 2409 909 2449 licet;
963 2406 1065 2456 quod
1086 2406 1134 2441 in
1166 2402 1282 2440 filium
1305 2404 1382 2438 eius
1413 2409 1494 2434 nou

96 2464 149 2511 f)
177 2474 288 2510 atque
309 2459 512 2499 exercitum
535 2472 654 2507 partes
677 2459 748 2496 Ro·
801 2457 978 2507 perinde,
1019 2466 1132 2502 atque
1150 2453 1188 2489 in
1213 2465 1297 2488 eum
1330 2459 1495 2494 concep-

59 2524 255 2550 manorum
277 2508 461 2559 ampleRi,
485 2521 524 2545 et
544 2510 748 2546 colei-elm-¹
800 2519 880 2544 tum
896 2506 982 2545 ess'et
1002 2503 1143 2540 odium.
1191 2503 1250 2538 Sic
1271 2501 1380 2548 paulo
1392 2508 1492 2534 ante.

55 2573 258 2610 pei-atores,
287 2562 442 2597 asenatu
465 2558 610 2594 eleetos.
630 2559 748 2605 Steph.
800 2558 860 2593 vbi
891 2555 1005 2592 vertit
1036 2553 1116 2591 Pol.
1143 2552 1262 2601 capita
1293 2549 1353 2585 illa
1374 2545 1496 2600 perfe-

66 2642 70 2646 .
99 2614 143 2660 g)
172 2609 325 2648 infixum
345 2619 461 2646 conto
483 2619 594 2652 caput
623 2607 749 2648 hostis,
801 2616 910 2648 rant,
937 2602 1172 2642 Herodianus
1199 2598 1290 2637 dicit
1317 2605 1420 2646 caput
1451 2593 1495 2630 ii·

59 2660 233 2698 omnibus
255 2658 560 2706 conspiciendum
579 2662 751 2705 praebue-
801 2655 877 2693 lud.
903 2654 1020 2703 Steph.
1457 2693 1466 2701 ο

0 2709 1 2747 l
57 2719 158 2748 runt.
209 2709 266 2748 Est
283 2722 407 2749 autem
423 2709 486 2747 τοῦ
505 2713 690 2753 πολεμίου,
714 2717 752 2754 q.
848 2705 888 2754 h)
916 2702 1077 2744 Fortasse
1119 2698 1302 2740 mendum
1353 2697 1415 2734 hic
1454 2706 1496 2734 ιι
