1707 3029
210 77 276 119 72
390 58 1441 115 HERODIA‘NIHISTORIAE

173 188 193 222 8
215 193 292 217 rum
311 180 466 217 intendit
478 203 489 221 ,
512 179 631 226 facile
651 180 750 215 vobis
766 180 813 229 esi
830 180 1020 228 exquirere
1036 182 1233 220 tormentis.
1261 184 1387 233 quip'pe
1403 185 1534 222 idcireo
1552 187 1618 223 ad·

174 241 196 275 9
217 229 278 279 asse
305 232 452 273 (ornnes)
478 229 571 264 illius
592 228 770 279 ministros
788 230 965 278 imperaui
985 241 1028 267 vt
1047 244 1169 268 verum
1186 234 1466 281 deprehendatis.
1525 236 1618 272 Sunt

217 289 333 316 autem
353 279 511 314 nonnulli
528 290 658 325 quoque
675 292 719 315 ex
738 279 793 314 his
810 280 882 315 iam
899 280 1004 321 torti,
1029 292 1172 328 quorum
1190 283 1361 318 exaudire
1378 280 1618 329 confeffionem

154 345 199 371 10
217 326 359 375 poffitis.
412 327 585 375 Postremo
605 337 720 363 autem
733 351 744 368 ,
776 339 878 375 quum
899 341 959 376 ego
977 331 1077 378 apud
1089 340 1238 366 matrem
1248 332 1395 376 forem,
1431 333 1533 369 venit
1555 334 1617 370 ille

155 395 195 420 11
216 379 254 414 in
272 390 342 418 me.
368 377 530 423 quosdam
540 375 654 423 secum
664 377 836 412 adducens
848 378 986 425 gladiis
1005 380 1199 415 aceinblos:
1220 380 1290 429 sed
1303 392 1362 430 ego
1381 393 1510 428 magna
1530 394 1634 429 pro-2

218 426 382 462 videntia
405 436 440 461 et
458 425 605 462 solertia
627 439 665 461 re
680 427 936 475 praecognita,
961 429 1058 463 vltus
1076 439 1250 476 tanquam
1273 429 1397 478 bostem
1412 429 1496 475 sum.
1539 432 1616 467 Ne·

216 487 281 523 que
298 476 387 510 enim
409 476 479 510 iam
500 484 564 510 aut
574 474 720 520 fratris
738 485 886 511 mentem
897 477 1074 525 gerebat,
1094 488 1158 513 aut
1181 478 1364 523 fraterna
1393 480 1617 516 moliebatur.

155 541 197 569 12
226 522 344 572 Vlcisci
360 534 477 559 autem
495 525 592 559 illum
621 525 680 573 qui
700 525 802 571 prior
820 525 1028 568 infidietur,
1064 537 1107 562 vt
1124 526 1246 575 iustum
1265 528 1330 576 est,
1363 528 1419 562 im
1445 525 1508 575 vsu
1535 541 1618 578 quo-

217 586 280 622 que
301 574 371 608 iam
394 582 578 618 receptum.
628 573 765 624 Qippe
786 586 829 608 ne
845 574 917 622 ipfi‘
944 575 1081 622 quidem
1110 578 1210 612 vrbis
1234 578 1334 612 huius
1365 578 1526 613 conditor
1544 579 1617 614 Ro-

156 639 195 676 13
217 623 326 657 mulus
344 633 554 670 germanum
579 624 753 670 pertulit,
782 621 860 670 fitis
887 633 1027 660 tantum
1057 626 1216 673 operibus
1233 626 1447 661 illudentem.
1506 627 1616 662 Taceo

219 671 292 706 Ger
310 671 487 712 nanicum,
513 672 687 712 Neronis,
717 685 759 707 ac
783 671 895 708 'Iitum
918 674 1137 716 Domitiani,
1151 675 1317 721 fratres.
1365 676 1512 711 Marcus
1531 675 1616 725 ipse,

215 719 446 768 phisosophiqe
468 721 502 755 b)
509 720 701 765 simulator
719 733 761 757 ac
779 721 1070 770 mansuetudinis,
1098 723 1218 764 Lucii.
1241 725 1367 772 generi
1383 723 1443 772 sui
1455 749 1464 765 ,
1495 734 1618 761 contu·

156 789 201 823 14
219 769 357 805 melium
379 780 446 805 non
461 770 631 814 pertulit,
667 769 727 806 sed
755 781 821 815 per
843 769 986 807 infidias
1005 772 1108 808 illum
1140 786 1160 808 e
1187 771 1310 808 medio
1339 772 1491 808 sustulit.
1544 774 1617 822 ligi>

218 831 303 854 vero
315 843 326 860 ,
353 817 495 853 venenis
513 819 726 866 comparatis
750 819 787 855 in
807 832 860 855 me
872 844 883 860 ‚
912 822 1109 869 gladioque*
1119 821 1337 867 impendente
1356 824 1453 858 vltus
1472 822 1620 872 hostemz
1673 846 1676 848 v
1706 824 1707 829 ’

157 886 198 921 ¹5
219 869 344 915 quippe
361 868 422 902 hoc
438 867 495 902 illi
505 867 571 911 sua
591 877 698 916 opera
716 881 835 905 nomen
856 870 1087 917 imponebant.
1158 872 1220 906 Vos
1239 880 1358 906 autem
1382 873 1453 907 diis
1467 872 1618 920 gratias

219 918 317 964 agite
330 941 340 957 ,
365 917 456 963 quod
470 916 621 951 alterum
641 916 767 952 saltem
789 918 887 954 vobis
904 920 1103 967 principem
1114 918 1377 966 seruauerint:x
1394 929 1501 968 neque
1524 930 1621 956 men-

219 975 272 1001 tes
291 963 427 1014 mstras
445 965 484 1000 in
502 965 645 1013 diueisa
661 967 817 1014 partiti,
835 966 905 1016 secl
918 979 1025 1003 vnum
1042 977 1181 1017 tantum
1192 968 1394 1016 spoliantes
1422 970 1621 1016 imperato-

158 1027 200 1062 55
218 1027 291 1050 rem
306 1038 316 1054 ,
343 1014 457 1048 vitam
474 1014 586 1060 securi
606 1016 795 1052 traducite.
847 1017 1037 1065 Imperium
1060 1028 1176 1053 autem
1200 1018 1336 1064 Iupiter
1340 1018 1436 1063 sicut
1463 1017 1533 1067 ipse
1548 1019 1615 1054 ,in-

218 1073 276 1099 ter
297 1063 376 1097 deos
396 1061 491 1111 solus
516 1060 679 1111 poffidet,
713 1066 769 1100 ita
790 1066 899 1101 etiam
926 1067 994 1101 vni
1020 1077 1161 1102 tantum
1193 1067 1396 1102 mortalium
1421 1067 1619 1109 adjudicat.
1670 1085 1676 1090 ·

157 1134 200 1167 ¹7
220 1113 319 1148 Haec
341 1112 516 1158 loquutus
539 1124 665 1159 magna
690 1126 802 1154 voce,
829 1114 1038 1161 irarumque
1059 1116 1210 1161 plenus,
1240 1112 1282 1151 a‘c
1300 1116 1517 1153 truculento
1537 1117 1621 1152 vul-

218 1171 260 1196 tu
280 1161 378 1215 illius
398 1161 534 1215 amicos
556 1161 734 1201 intuens,
760 1164 1008 1201 trementibus
1029 1163 1552 1214 pauentibusqueplerisque,
1579 1165 1621 1202 in

214 1220 351 1258 regiam
376 1219 592 1247 reuertitur.

885 1328 950 1365 VI.

218 1388 444 1455 ContInuo
462 1388 575 1438 igitur
595 1391 721 1437 coepti
739 1391 858 1429 occidi
880 1391 1068 1430 domestici
1090 1406 1222 1430 omnes
1243 1393 1366 1431 fratris
1385 1403 1499 1441 atque
1524 1394 1622 1431 ami-

317 1438 371 1480 ci,
414 1440 553 1486 quique
570 1439 612 1475 in
632 1441 783 1478 aedibus
802 1442 1016 1478 habitabant
1041 1455 1130 1488 quas
1157 1443 1221 1478 ille
1243 1443 1472 1485 incoluerat.
1511 1443 1625 1480 mini·

218 1488 351 1537 strique
372 1487 462 1524 item
484 1487 661 1524 vniuerfi:
692 1488 739 1525 fic
770 1502 809 1527 vt
836 1503 884 1527 ne
912 1490 1022 1527 aetati
1050 1492 1203 1537 quidem
1223 1491 1423 1529 infantium
1452 1504 1622 1538 parcere-

178 1550 200 1574 2
220 1551 290 1576 tur.
338 1537 452 1572 Porro
489 1537 562 1583 ipsa
593 1538 767 1575 cadauera
804 1541 839 1587 c)
861 1540 1027 1586 plaustris
1051 1541 1223 1577 omnibus
1257 1553 1324 1588 per
1350 1542 1620 1579 contumeliam

220 1584 411 1633 imposita,
439 1597 552 1633 atque
574 1597 675 1623 extra
696 1589 823 1624 vrbem
843 1594 1055 1635 exportata,
1078 1589 1276 1626 aceruatim
1306 1600 1370 1626 aut
1397 1601 1539 1627 temere
1562 1591 1623 1628 in-

182 1645 201 1682 3
223 1637 309 1673 ietta
339 1635 438 1683 rogis
469 1635 794 1673 comburebantur.
870 1649 940 1674 nec
968 1638 1160 1685 quisquam
1193 1639 1380 1685 superfuit
1405 1652 1450 1676 ex
1477 1638 1521 1675 iis
1552 1639 1620 1686 qui

181 1698 204 1730 4
221 1687 344 1722 leuem
367 1683 479 1720 modo
500 1696 582 1720 cum
605 1684 699 1721 Geta
721 1686 895 1723 notitiam
915 1686 1102 1723 habuisset.
1153 1688 1328 1724 Athletae
1347 1687 1471 1729 etiam,
1492 1698 1532 1724 et
1551 1701 1622 1726 au-

224 1736 323 1781 rigae
346 1745 457 1781 atque
478 1732 711 1770 omnifariam
733 1735 949 1776 histriones,
978 1747 1016 1773 et
1037 1736 1216 1784 quicquid
1236 1737 1400 1785 denique
1419 1738 1478 1774 vel
1499 1737 1621 1775 oculis

182 1793 199 1827 ς
220 1784 318 1820 illius
337 1783 395 1818 vel
413 1783 560 1818 auribus
586 1785 631 1824 d)
649 1783 853 1821 iucundum
871 1785 1014 1827 fuerat,
1047 1784 1169 1831 pamm
1189 1785 1466 1823 occidebantur.
1517 1787 1624 1824 Prae-

219 1844 319 1870 terea
340 1830 512 1867 senatorii
535 1830 675 1867 ordinis
695 1832 910 1882 quicunque
926 1845 989 1871 aut
1008 1834 1208 1871 nobilitate
1226 1845 1289 1871 aut
1308 1834 1444 1882 opibus
1462 1836 1621 1872 excelle-

221 1890 328 1922 rent,
353 1880 504 1916 minima
527 1892 672 1928 quaque
693 1881 738 1917 de
761 1883 862 1919 eausa
881 1883 941 1919 vel
965 1884 1072 1929 plane
1095 1883 1218 1926 nulla,
1251 1884 1526 1930 quantumlibet
1545 1883 1621 1929 leui
1655 1890 1657 1892 '
1705 1882 1707 1885 ’

180 1933 201 1966 6
221 1930 407 1965 delatione
421 1955 430 1970 ,
456 1931 489 1974 e)
509 1942 573 1975 pro
596 1929 696 1966 illius
715 1931 841 1967 amicis
862 1931 1179 1968 interimebantur.
1237 1933 1340 1979 Qin
1363 1943 1402 1969 et
1420 1933 1621 1970 Commodi

217 1978 381 2015 sororem
401 1978 469 2013 iam
491 1990 602 2014 auu-tn
619 2003 628 2019 ‚
653 1989 765 2027 atque
786 1982 830 2018 ab
853 1981 1028 2017 omnibus
1051 1980 1357 2028 imperatoribus,
1384 1992 1425 2017 vt
1443 1981 1561 2019 Marci
1581 1980 1624 2018 fi-

218 2027 303 2063 liam
324 2026 515 2074 oportuit,
543 2031 711 2074 (magno)
738 2029 776 2065 in
798 2030 943 2066 honore
964 2030 1124 2067 habitam
1138 2056 1147 2072 ,
1186 2041 1308 2066 morte
1325 2030 1472 2074 affecit,
1500 2031 1624 2067 causa-

177 2090 200 2122 7
219 2087 279 2112 tus
299 2076 402 2124 quod
424 2077 545 2112 Getae
563 2088 693 2113 necem
719 2077 816 2124 apud
843 2077 953 2124 ipsius
983 2089 1136 2115 matrem
1159 2079 1374 2116 defleuill‘en
1420 2080 1466 2117 Et
1494 2078 1627 2128 conju.

244 2137 299 2159 em
323 2126 511 2172 quondam
533 2125 654 2166 suam,
689 2127 869 2164 Plautiani
896 2126 1005 2164 filiam
1019 2153 1030 2169 ‚
1066 2140 1158 2175 quae
1177 2128 1297 2165 fuerat
1318 2127 1358 2166 in
1379 2128 1542 2165 Siciliam
1563 2141 1625 2165 re-

217 2136 358 2220 igcgata,
384 2186 423 2208 ac
440 2174 487 2219 f)
509 2174 777 2212 consobrinum
799 2179 938 2214 Seuero
960 2178 1250 2225 cognominem.
1288 2176 1480 2225 filiumque
1505 2177 1627 2213 Perti-

217 2223 317 2258 nacis
338 2233 375 2257 et
397 2222 555 2258 Lucillae
576 2225 776 2261 Commodi
797 2224 953 2268 sororis,
989 2225 1172 2273 postremo
1202 2225 1385 2273 quidquid
1413 2239 1456 2262 ex
1489 2237 1626 2274 cogna-

156 2311 164 2317 ν
217 2269 323 2306 tione
345 2270 591 2317 imperatoria,
617 2273 728 2309 autin
751 2275 876 2311 senatu
891 2287 935 2311 ex
950 2275 1096 2321 patritia
1108 2275 1307 2312 nobilitate
1319 2275 1518 2322 supererat,
1548 2275 1624 2322 pla-

180 2328 198 2359 3
219 2330 267 2355 ne
285 2318 381 2367 quast
412 2320 454 2355 ab
475 2318 584 2366 stirpe
612 2320 779 2360 abscidit.
830 2325 1033 2373 Ducesque
1060 2322 1338 2372 prouinciarum
1371 2322 1562 2361 vniuersos
1582 2335 1624 2360 ac

267 2435 306 2479 b)
333 2446 365 2469 v.
386 2435 434 2470 Η.
453 2437 580 2483 Steph.
602 2438 754 2475 praefat.
805 2440 897 2487 Sylb.
993 2439 1037 2487 d)
1061 2439 1132 2477 iuc.
1153 2437 1287 2482 fuerat,
1315 2438 1623 2489 profligabantur.

272 2487 306 2530 c)
341 2483 502 2529 plaustris
524 2498 587 2531 per
608 2488 729 2523 omnis
751 2489 898 2535 generis
945 2488 1061 2537 Stepb.

223 2532 468 2567 contumelias
495 2533 671 2580 imposita,
699 2537 896 2574 acervatim
991 2540 1024 2584 e)
1067 2536 1263 2585 Intellige,
1298 2548 1475 2590 tanquam
1516 2536 1623 2576 illiue

222 2582 557 2623 comburebantur,
587 2594 649 2618 aut
669 2596 898 2634 quocunque
946 2586 1068 2623 amici.
1122 2587 1240 2634 Stepb.

220 2630 334 2668 modo
353 2629 658 2680 proficiebamus.
707 2635 848 2674 Memm.
961 2633 1035 2683 ὰί)
1062 2636 1266 2685 patruelem
1286 2633 1405 2674 suum.
1433 2635 1578 2674 Memm.
