1707 3140
580 105 894 152 LIBER
963 106 999 152 Ι.

1454 116 1511 148 11

70 217 177 261 fidiae
196 216 405 254 incredibili
428 214 590 264 quodam
612 216 740 254 modo.
790 218 916 254 Ludos
940 215 1097 254 Romani
1116 215 1197 253 Ioui
1220 214 1438 263 Capitolino
1458 216 1517 254 fa-

72 268 199 310 ciunt,
224 279 324 303 tanta
351 271 398 309 r)
423 266 622 303 hominum
652 267 869 303 confluente
896 265 1160 306 multitudine,
1187 277 1361 313 quautam
1384 279 1446 314 par
1465 267 1517 304 est

38 361 43 364 .
71 316 263 355 confluere
290 314 334 351 ad
357 328 479 352 tantae
498 315 598 354 vrbis
618 316 886 353 celebritatem.
936 315 1105 364 Speaare
1130 327 1255 352 autem
1272 328 1313 351 ac
1335 314 1514 363 praeside·
1536 330 1554 366 ς

70 379 113 404 re
141 368 182 403 in
202 367 350 402 theatro
371 378 438 401 vna
462 378 546 402 cum
569 365 842 407 sacerdotibus,
869 378 965 413 quos
985 366 1078 401 ordo
1099 363 1247 411 lingulis
1269 365 1376 401 annis
1397 364 1517 412 postu-

69 416 138 459 lat,
165 414 277 452 etiam
298 414 500 462 imperator
524 414 665 452 solitus.
715 417 842 457 Quum
864 416 991 464 itaque
1002 412 1236 451 nobiliffimis
1255 412 1409 451 scenicis
1431 427 1515 461 ope·
1535 421 1558 454 6

71 477 148 502 ram
166 465 283 505 daret,
307 463 438 502 sedens
459 463 698 512 imperatorin
724 463 807 500 sella
830 463 1082 506 Commodus,
1110 465 1224 511 pleno
1253 464 1518 511 spectatoribus

69 514 244 556 theatro,
266 512 414 561 suisque
434 514 571 562 cuique
590 513 682 550 locis
711 514 757 549 ad
789 513 992 550 sedendum
1014 526 1080 560 pro
1104 512 1287 561 dignitate
1304 512 1517 550 attributis:

69 564 289 612 priusquam
308 563 506 611 quicquam
526 562 712 600 diceretur
736 575 982 612 agereturque
1003 564 1042 599 in
1061 562 1166 599 scena
1181 588 1191 603 ,
1217 564 1406 609 (repente)
1436 562 1520 610 qui-
1540 577 1563 612 7

70 612 168 654 dam,
188 611 403 660 philosophi
424 612 565 655 habitu,
582 616 615 655 s)
642 625 749 649 manu
772 615 947 649 baculum
966 613 1118 661 gestans,
1141 624 1342 660 petamque
1361 611 1522 648 seminu-

74 663 143 699 dus
170 661 240 707 (ab
261 662 443 708 humero)
469 662 683 709 suspensus,
711 662 895 699 curriculo
923 661 1084 710 prodiit:
1121 661 1315 707 mediaque
1343 661 1382 697 in
1414 661 1520 697 scena

72 709 291 753 consistens,
324 723 510 759 manuque
535 710 721 749 silentium
754 711 959 757 imperans,
985 713 1066 750 Non
1089 711 1150 747 hoc
1179 711 1335 758 (inquit)
1362 711 1521 747 ludorum
1542 720 1562 752 8

70 770 220 811 tempus,
244 762 476 797 acommode:
505 774 613 810 neque
624 759 835 809 spellaculis
854 764 886 810 t)
912 761 1184 809 celebritatique
1203 761 1413 796 vacandum.
1452 762 1521 796 Im·
1542 775 1564 808 9

73 820 184 847 mmet
207 810 298 846 enim
318 811 511 847 ceruicibus
530 811 602 847 tuis
621 812 794 847 Perennis
805 812 972 860 gladius:
998 824 1041 847 ac
1055 836 1066 853 ,
1095 811 1167 856 nisi
1179 811 1321 846 caueris
1346 823 1414 846 non
1445 810 1521 859 qui-
1545 823 1591 847 10

71 862 149 897 dem
170 860 370 909 impendens
377 858 447 908 sed
468 861 541 896 iarn
557 859 723 910 praesens
738 862 946 909 periculum,
967 862 1005 907 u)
1032 860 1166 909 perssi.
1216 862 1309 897 Nam
1328 870 1362 895 et
1382 859 1452 908 ipse
1468 859 1525 894 hic
1547 872 1589 897 ιι

69 909 242 957 aduersus
262 919 298 946 te
315 911 434 960 copias
453 912 702 960 pecuniamque
719 910 868 959 colligit,
895 921 931 946 et
950 912 1031 946 nati
1050 910 1230 946 exercitus
1256 909 1418 957 Illyricos
1442 907 1525 957 soli·

71 960 212 996 citant:
262 971 345 1008 quos
391 960 461 1008 nisi
491 958 621 1010 statim
655 961 884 1008 praeuenias‚
933 957 1098 1008 occidisti.

73 1008 177 1045 forte
211 1008 369 1057 quadam
410 1009 594 1047 diuinitus
628 1009 701 1046 huc
736 1010 977 1057 impellente,

73 1068 141 1113 vt·
161 1057 314 1106 gloriam
353 1057 440 1101 fibi,
473 1061 514 1107 x)

1177 959 1244 995 His
1280 958 1405 1000 ditiis,

1029 1008 1105 1045 fiue
1150 1007 1187 1044 id
1235 1008 1322 1044 auso
1357 1008 1526 1048 homine,

571 1059 720 1109 ignarus
767 1070 877 1109 atque
923 1059 1123 1101 obscurus,
1170 1058 1401 1106 acquireret:
1462 1057 1528 1093 seu

75 1119 164 1154 quia
182 1106 341 1156 speraret
361 1108 494 1158 ingens
515 1108 669 1157 aliquod
693 1123 769 1157 pra
783 1122 801 1144 e
815 1111 910 1146 min
924 1122 958 1145 m
985 1110 1029 1145 ab
1061 1109 1119 1144 im
1134 1120 1156 1156 p
1171 1120 1247 1144 era
1260 1120 1273 1144 t
1289 1109 1415 1163 orey)
1435 1119 1526 1143 con-

75 1157 342 1204 sequuturum:
388 1158 474 1194 sane
493 1158 613 1194 illum*
629 1158 831 1205 derepente
859 1157 1168 1205 obstupefecerat.

75 1206 139 1253 etii
158 1217 239 1241 non
257 1209 303 1243 de
320 1207 441 1243 nihilo
461 1220 502 1242 ea
522 1206 615 1244 dista
637 1207 924 1254 suspicabantur,
947 1219 1070 1244 tamen
1082 1205 1192 1242 fidem
1212 1207 1348 1243 habere
1368 1205 1526 1243 dissimu·

74 1255 211 1292 labant.
259 1257 314 1292 At
335 1257 513 1293 Perennis
534 1257 803 1305 comprehendi
821 1257 1015 1294 hominem
1037 1256 1158 1297 iubet,
1177 1267 1232 1297 ac,
1251 1256 1290 1302 z)
1320 1268 1387 1302 pro
1406 1255 1527 1293 furi-2-
1550 1267 1594 1303 ¹4

786 1308 840 1344 Ita
870 1306 1010 1343 scilicet
1041 1317 1178 1352 poenas
1207 1305 1313 1341 dedit
1343 1307 1530 1351 intempe-

72 1353 186 1391 stiuae
203 1353 398 1392 libertatis,
449 1358 488 1403 a)
511 1356 709 1393 Caeterum
728 1356 791 1405 qui
811 1357 846 1392 se
868 1355 1068 1393 Commodi
1090 1353 1269 1390 studiosos
1284 1354 1402 1392 videri
1422 1355 1528 1390 vole·
1551 1364 1595 1400 15

73 1304 116 1341 so
135 1316 174 1341 et
192 1304 413 1353 vaniloquo,
440 1306 529 1354 igne
555 1307 735 1343 comburi.

76 1404 180 1446 bant,
200 1403 316 1450 perosi
334 1417 441 1443 antea
465 1417 618 1453 quoque
636 1407 860 1449 Perennem,
890 1417 1024 1453 vtpote
1045 1402 1305 1441 intolerandae
1331 1405 1528 1440 hominem

74 1453 268 1500 superbiae
287 1456 636 1503 contumeliaeque,
662 1455 835 1504 nastique
856 1465 1116 1503 opportunum
1134 1465 1305 1500 tempUS‚
1333 1454 1528 1490 calumniis

76 1514 163 1539 eum
183 1516 351 1550 premere
371 1504 649 1560 aggrediuntur.
685 1506 758 1542 Sed
780 1504 919 1541 scilicet
939 1504 988 1541 ita
1007 1504 1176 1541 futurum
1195 1514 1283 1545 erat,
1305 1515 1344 1540 vt
1364 1514 1403 1541 et
1413 1505 1528 1540 Com·
1551 1506 1596 1540 16

75 1553 211 1591 modus
231 1552 376 1589 infidias
397 1564 573 1598 mutaret,
604 1565 643 1592 et
663 1554 841 1591 Perennis
864 1566 933 1590 vna
952 1565 1038 1590 cum
1064 1552 1189 1589 liberis
1220 1554 1406 1600 penderet
1437 1566 1527 1600 poe-

75 1613 153 1638 1128.

206 1602 364 1650 Quippe
391 1603 486 1640 haud
515 1605 636 1641 multo
663 1604 740 1651 post
769 1603 906 1642 milites
934 1602 1087 1652 quidam
1116 1603 1208 1639 clam
1239 1602 1418 1639 Perennis
1449 1600 1527 1639 filio
1552 1614 1598 1649 ¹7

75 1663 252 1688 nummos
272 1653 451 1700 quosdam
468 1654 693 1696 attulerunt,
713 1652 810 1690 illius
831 1654 991 1696 imagine
1012 1651 1207 1701 percussos,
1239 1664 1379 1700 eosque
1401 1652 1528 1701 ignaro
1552 1661 1596 1693 18

75 1701 190 1738 etiam
216 1702 397 1745 Perenni,
425 1715 646 1751 quamquam
677 1714 754 1739 erat
783 1696 1010 1751 praefeRus,
1032 1700 1244 1738 Commodo
1274 1701 1529 1746 ostenderunt,

77 1751 115 1796 b)
127 1762 288 1800 totoque
300 1751 511 1790 infidiarum
524 1753 656 1791 ordine
674 1751 873 1801 patefacto,
883 1751 1049 1790 maximis
1061 1750 1145 1788 sunt
1166 1752 1384 1789 muneribus
1395 1750 1530 1789 affecti.

125 1869 163 1917 r)
189 1868 321 1908 Potius
346 1870 516 1919 loquitur
543 1870 779 1909 Herodianus

77 1916 126 1954 de
155 1919 399 1958 multitudine
426 1928 492 1958 τῶν
519 1920 709 1967 dynvas-520»
737 1932 780 1957 ut

75 1968 189 2066 &1215
201 1970 280 2017 post
297 1982 418 2015 vocat,
439 1981 534 2019 quae
545 1983 591 2007 eo
608 1971 779 2009 confluit.

119 2029 136 2052 Β
185 2043 195 2053 .

129 2085 162 2132 s)
188 2083 315 2138 (manu
343 2085 446 2141 enim
475 2084 648 2122 baculum
670 2085 781 2134 gesta-

77 2132 781 2232 3335Zssssrfissssffiffffhl'emdepffl‘

127 2250 160 2298 t)
187 2248 288 2286 festis
316 2261 392 2296 que
415 2261 491 2285 vac.
515 2247 636 2297 Stepb.

124 2315 163 2361 u)
187 2314 343 2352 exitium
374 2326 412 2352 te
437 2314 628 2352 incautum
656 2311 784 2361 oppri-

77 2374 170 2407 met,
180 2365 240 2401 vel
258 2364 354 2401 nihil
376 2364 450 2400 tale
470 2364 709 2413 cogitantem,
720 2373 786 2400 aut

77 2426 152 2452 nec
171 2415 404 2463 opinantem.
432 2415 550 2464 Steph.

129 2482 176 2529 x)
200 2481 362 2530 ignarus,
380 2481 461 2527 pafl'.
473 2479 592 2530 fignif.
603 2493 670 2529 pto
681 2459 784 2529 igno-

81 2539 153 2573 tus,
180 2529 242 2567 seu
262 2531 441 2579 ignobilis.
467 2532 590 2579 Steph.

120 2597 168 2644 y)
194 2596 308 2633 Polit.
339 2595 483 2633 omittit
511 2608 723 2643 pronomen
748 2589 810 2644 [e

82 2656 171 2687 ante
192 2645 358 2693 particip.
385 2644 666 2695 consecuturum,
691 2645 784 2682 ficut

82 2706 122 2734 et
141 2695 226 2734 alibi
246 2695 288 2733 in
314 2694 492 2734 fimilibus
512 2695 620 2733 locis.
642 2695 759 2746 Steph-

878 1871 918 1919 z)
946 1882 1000 1913 ae,
1012 1881 1187 1918 tanquam
1212 1867 1396 1907 furiosum
1414 1878 1454 1906 et
1473 1882 1535 1907 va·

828 1921 1043 1970 niloquum.
1074 1921 1193 1969 Steph.

879 1989 918 2035 a)
947 1988 1143 2023 Caeterum
1162 1985 1228 2033 qui
1251 1985 1345 2021 circa
1358 1987 1536 2024 Commo-

830 2037 919 2074 dum
938 2047 1055 2075 erant,
1068 2048 1107 2072 et
1126 2035 1342 2082 quicunque
1363 2035 1398 2084 egi
1415 2034 1451 2070 se
1469 2036 1535 2072 be-

831 2085 992 2122 neuolos
1024 2084 1264 2125 simulabant,
1305 2095 1399 2129 cum¹
1425 2095 1535 2121 antea

828 2133 991 2172 Perenni
1033 2131 1161 2169 offenii
1200 2144 1327 2174 erant,
1359 2132 1535 2180 (oliosus

829 2182 931 2220 enim
949 2193 1061 2230 atque
1079 2181 1328 2218 intolerabilis
1347 2183 1395 2218 ob
1408 2183 1534 2229 super-

830 2233 930 2271 biam
965 2241 1005 2267 et
1031 2231 1277 2268 contumelias
1309 2234 1425 2280 eran)
1451 2243 1536 2268 tum

832 2294 921 2319 vero
943 2281 1161 2328 praeclaram
1184 2280 1412 2318 occasionem
1425 2281 1537 2323 naffi,

833 2330 1068 2368 criminando
1091 2329 1273 2366 adducere
1295 2330 1334 2366 in
1354 2331 1536 2368 inuidiam

834 2381 1078 2418 conabantur.
1144 2380 1190 2417 Et
1218 2391 1307 2416 vero
1333 2381 1536 2428 oportebat

832 2443 912 2468 uno
932 2429 1065 2466 eodem
1084 2441 1158 2476 que
1175 2440 1347 2476 tempore
1358 2432 1536 2467 Commo-

835 2481 925 2517 dum
951 2478 1096 2516 infidias
1124 2477 1307 2528 effugere,
1333 2491 1373 2516 et
1397 2481 1536 2516 Pereu-

834 2542 920 2567 nem
947 2528 1042 2566 male
1065 2527 1198 2576 perire.
1224 2528 1346 2577 Steph.

884 2597 928 2644 b)
968 2606 1007 2632 et
1037 2595 1180 2630 latente
1217 2592 1430 2630 infidiarum
1458 2603 1538 2628 arte

828 2642 1027 2695 patefacta,
1058 2644 1116 2680 vel
1135 2643 1275 2682 latente
1294 2641 1400 2680 infid.
1419 2641 1537 2680 modo

834 2693 1030 2746 patefacto.
1055 2693 1174 2745 Steph.

1452 957 1526 995 fiue
1549 966 1592 994 n

1221 1159 1367 1193 Caeteri
1399 1168 1526 1193 autem
1548 1165 1590 1204 13
