<?xml version="1.0" encoding="UTF-8"?>
<!DOCTYPE html PUBLIC "-//W3C//DTD XHTML 1.0 Transitional//EN"
    "http://www.w3.org/TR/xhtml1/DTD/xhtml1-transitional.dtd">
<html xmlns="http://www.w3.org/1999/xhtml" xml:lang="en" lang="en">
 <head>
  <title>
</title>
<meta http-equiv="Content-Type" content="text/html;charset=utf-8" />
  <meta name='ocr-system' content='tesseract 3.04.00' />
  <meta name='ocr-capabilities' content='ocr_page ocr_carea ocr_par ocr_line ocrx_word'/>
</head>
<body>
  <div class='ocr_page' id='page_1' title='image "./historiarumlibri04hero_0064.png"; bbox 0 0 1748 3017; ppageno 0'>
   <div class='ocr_carea' id='block_1_1' title="bbox 1731 585 1748 1547">
    <p class='ocr_par' dir='ltr' id='par_1_1' title="bbox 1731 585 1748 1547">
     <span class='ocr_line' id='line_1_1' title="bbox 1737 585 1748 882; baseline 0 -103"><span class='ocrx_word' id='word_1_1' title='bbox 1737 585 1748 882; x_wconf 95' lang='lat' dir='ltr'>     </span> 
     </span>
     <span class='ocr_line' id='line_1_2' title="bbox 1734 882 1748 1129; baseline 0 -59"><span class='ocrx_word' id='word_1_2' title='bbox 1734 882 1748 1129; x_wconf 95' lang='lat' dir='ltr'>     </span> 
     </span>
     <span class='ocr_line' id='line_1_3' title="bbox 1733 1129 1748 1226; baseline 0 0"><span class='ocrx_word' id='word_1_3' title='bbox 1733 1129 1748 1226; x_wconf 95' lang='lat' dir='ltr'>  </span> 
     </span>
     <span class='ocr_line' id='line_1_4' title="bbox 1733 1226 1748 1298; baseline 0 0"><span class='ocrx_word' id='word_1_4' title='bbox 1733 1226 1748 1298; x_wconf 95' lang='lat' dir='ltr'>  </span> 
     </span>
     <span class='ocr_line' id='line_1_5' title="bbox 1731 1298 1748 1547; baseline 0 -76"><span class='ocrx_word' id='word_1_5' title='bbox 1731 1298 1748 1547; x_wconf 95' lang='lat' dir='ltr'>     </span> 
     </span>
    </p>
   </div>
   <div class='ocr_carea' id='block_1_2' title="bbox 260 93 1523 175">
    <p class='ocr_par' dir='ltr' id='par_1_2' title="bbox 260 93 1523 175">
     <span class='ocr_line' id='line_1_6' title="bbox 260 93 1523 175; baseline -0.007 -19"><span class='ocrx_word' id='word_1_6' title='bbox 260 123 327 175; x_wconf 85' lang='lat'>34</span> <span class='ocrx_word' id='word_1_7' title='bbox 463 101 983 155; x_wconf 79' lang='lat' dir='ltr'>HERonrANr</span> <span class='ocrx_word' id='word_1_8' title='bbox 1035 93 1523 148; x_wconf 83' lang='lat' dir='ltr'>HISTORIA&#39;E</span> 
     </span>
    </p>
   </div>
   <div class='ocr_carea' id='block_1_3' title="bbox 252 203 1693 321">
    <p class='ocr_par' dir='ltr' id='par_1_3' title="bbox 252 203 1693 321">
     <span class='ocr_line' id='line_1_7' title="bbox 252 203 1693 264; baseline -0.006 -5"><span class='ocrx_word' id='word_1_9' title='bbox 252 220 300 259; x_wconf 76' lang='lat' dir='ltr'>fic</span> <span class='ocrx_word' id='word_1_10' title='bbox 327 231 368 259; x_wconf 91' lang='lat' dir='ltr'>vt</span> <span class='ocrx_word' id='word_1_11' title='bbox 386 217 538 257; x_wconf 81' lang='lat' dir='ltr'>avaritia</span> <span class='ocrx_word' id='word_1_12' title='bbox 559 216 600 254; x_wconf 84' lang='lat' dir='ltr'>in</span> <span class='ocrx_word' id='word_1_13' title='bbox 622 215 701 254; x_wconf 89' lang='lat' dir='ltr'>dies</span> <span class='ocrx_word' id='word_1_14' title='bbox 720 227 761 252; x_wconf 86' lang='lat' dir='ltr'>ac</span> <span class='ocrx_word' id='word_1_15' title='bbox 786 203 1004 264; x_wconf 75' lang='lat' dir='ltr'>principum</span> <span class='ocrx_word' id='word_1_16' title='bbox 1030 223 1247 251; x_wconf 80' lang='lat' dir='ltr'>contemtus</span> <span class='ocrx_word' id='word_1_17' title='bbox 1273 211 1387 249; x_wconf 89' lang='lat' dir='ltr'>etiam</span> <span class='ocrx_word' id='word_1_18' title='bbox 1409 222 1527 261; x_wconf 85' lang='lat' dir='ltr'>vsque</span> <span class='ocrx_word' id='word_1_19' title='bbox 1544 210 1590 249; x_wconf 83' lang='lat' dir='ltr'>ad</span> <span class='ocrx_word' id='word_1_20' title='bbox 1605 209 1693 252; x_wconf 80' lang='lat' dir='ltr'>sau-</span> 
     </span>
     <span class='ocr_line' id='line_1_8' title="bbox 253 264 711 321; baseline -0.017 -12"><span class='ocrx_word' id='word_1_21' title='bbox 253 270 405 321; x_wconf 82' lang='lat' dir='ltr'>guinem</span> <span class='ocrx_word' id='word_1_22' title='bbox 430 264 711 317; x_wconf 83' lang='lat' dir='ltr'>proueheretur.</span> 
     </span>
    </p>
   </div>
   <div class='ocr_carea' id='block_1_4' title="bbox 217 354 1737 1533">
    <p class='ocr_par' dir='ltr' id='par_1_4' title="bbox 217 354 1737 1533">
     <span class='ocr_line' id='line_1_9' title="bbox 927 354 1006 395; baseline 0.025 -2"><span class='ocrx_word' id='word_1_23' title='bbox 927 354 1006 395; x_wconf 80' lang='lat' dir='ltr'>vn.</span> 
     </span>
     <span class='ocr_line' id='line_1_10' title="bbox 257 401 1690 481; baseline -0.007 -30"><span class='ocrx_word' id='word_1_24' title='bbox 257 411 483 481; x_wconf 83' lang='lat' dir='ltr'>Enimuero</span> <span class='ocrx_word' id='word_1_25' title='bbox 502 401 677 453; x_wconf 83' lang='lat' dir='ltr'>Iulianus,</span> <span class='ocrx_word' id='word_1_26' title='bbox 703 407 897 454; x_wconf 80' lang='lat' dir='ltr'>imperium</span> <span class='ocrx_word' id='word_1_27' title='bbox 916 408 1096 452; x_wconf 81' lang='lat' dir='ltr'>adeptus.</span> <span class='ocrx_word' id='word_1_28' title='bbox 1120 404 1266 442; x_wconf 86' lang='lat' dir='ltr'>deliciis</span> <span class='ocrx_word' id='word_1_29' title='bbox 1292 403 1479 443; x_wconf 86' lang='lat' dir='ltr'>continuo</span> <span class='ocrx_word' id='word_1_30' title='bbox 1500 403 1690 452; x_wconf 74' lang='lat' dir='ltr'><strong>crapulae-</strong></span> 
     </span>
     <span class='ocr_line' id='line_1_11' title="bbox 336 453 1737 511; baseline -0.006 -12"><span class='ocrx_word' id='word_1_31' title='bbox 336 474 410 511; x_wconf 91' lang='lat' dir='ltr'>que</span> <span class='ocrx_word' id='word_1_32' title='bbox 425 460 462 498; x_wconf 82' lang='lat' dir='ltr'>se</span> <span class='ocrx_word' id='word_1_33' title='bbox 483 460 640 501; x_wconf 87' lang='lat' dir='ltr'>dedere,</span> <span class='ocrx_word' id='word_1_34' title='bbox 667 459 760 494; x_wconf 83' lang='lat' dir='ltr'>circa</span> <span class='ocrx_word' id='word_1_35' title='bbox 784 455 965 502; x_wconf 87' lang='lat' dir='ltr'>Rempub.</span> <span class='ocrx_word' id='word_1_36' title='bbox 984 454 1185 502; x_wconf 80' lang='lat' dir='ltr'>indiligens</span> <span class='ocrx_word' id='word_1_37' title='bbox 1199 478 1210 496; x_wconf 89' lang='lat'>,</span> <span class='ocrx_word' id='word_1_38' title='bbox 1237 453 1426 503; x_wconf 81' lang='lat' dir='ltr'>vitamque</span> <span class='ocrx_word' id='word_1_39' title='bbox 1446 455 1690 492; x_wconf 79' lang='lat' dir='ltr'>mouiffimam</span> <span class='ocrx_word' id='word_1_40' title='bbox 1734 502 1737 503; x_wconf 19' lang='lat'><em>⁷</em></span> 
     </span>
     <span class='ocr_line' id='line_1_12' title="bbox 217 503 1733 558; baseline -0.007 -10"><span class='ocrx_word' id='word_1_41' title='bbox 217 512 238 538; x_wconf 81' lang='lat'>²</span> <span class='ocrx_word' id='word_1_42' title='bbox 260 512 422 558; x_wconf 84' lang='lat' dir='ltr'>luxuque</span> <span class='ocrx_word' id='word_1_43' title='bbox 442 503 757 546; x_wconf 77' lang='lat' dir='ltr'>circumfluentem</span> <span class='ocrx_word' id='word_1_44' title='bbox 777 505 979 551; x_wconf 83' lang='lat' dir='ltr'>traducere.</span> <span class='ocrx_word' id='word_1_45' title='bbox 1018 505 1064 551; x_wconf 79' lang='lat' dir='ltr'>y)</span> <span class='ocrx_word' id='word_1_46' title='bbox 1086 503 1158 540; x_wconf 90' lang='lat' dir='ltr'>Sed</span> <span class='ocrx_word' id='word_1_47' title='bbox 1177 515 1216 540; x_wconf 91' lang='lat' dir='ltr'>et</span> <span class='ocrx_word' id='word_1_48' title='bbox 1243 503 1342 550; x_wconf 88' lang='lat' dir='ltr'>spem</span> <span class='ocrx_word' id='word_1_49' title='bbox 1366 503 1526 540; x_wconf 81' lang='lat' dir='ltr'>militum</span> <span class='ocrx_word' id='word_1_50' title='bbox 1546 503 1693 540; x_wconf 81' lang='lat' dir='ltr'>fefelle-</span> <span class='ocrx_word' id='word_1_51' title='bbox 1730 503 1733 505; x_wconf 45' lang='lat'><em>⁴</em></span> 
     </span>
     <span class='ocr_line' id='line_1_13' title="bbox 221 551 1694 607; baseline -0.007 -10"><span class='ocrx_word' id='word_1_52' title='bbox 221 559 238 597; x_wconf 87' lang='lat'><em>3</em></span> <span class='ocrx_word' id='word_1_53' title='bbox 260 566 328 602; x_wconf 78' lang='lat' dir='ltr'>rat,</span> <span class='ocrx_word' id='word_1_54' title='bbox 355 572 478 607; x_wconf 88' lang='lat' dir='ltr'>neque</span> <span class='ocrx_word' id='word_1_55' title='bbox 504 558 658 604; x_wconf 87' lang='lat' dir='ltr'>implere</span> <span class='ocrx_word' id='word_1_56' title='bbox 683 555 792 592; x_wconf 81' lang='lat' dir='ltr'>fidem</span> <span class='ocrx_word' id='word_1_57' title='bbox 823 552 1075 601; x_wconf 84' lang='lat' dir='ltr'>promissorum</span> <span class='ocrx_word' id='word_1_58' title='bbox 1097 564 1281 599; x_wconf 88' lang='lat' dir='ltr'>potuerat.</span> <span class='ocrx_word' id='word_1_59' title='bbox 1310 551 1488 600; x_wconf 82' lang='lat' dir='ltr'>siquidem</span> <span class='ocrx_word' id='word_1_60' title='bbox 1509 561 1694 599; x_wconf 62' lang='lat' dir='ltr'>neeopes</span> 
     </span>
     <span class='ocr_line' id='line_1_14' title="bbox 262 599 1694 656; baseline -0.006 -11"><span class='ocrx_word' id='word_1_61' title='bbox 262 607 364 645; x_wconf 90' lang='lat' dir='ltr'>domi</span> <span class='ocrx_word' id='word_1_62' title='bbox 386 618 540 656; x_wconf 83' lang='lat' dir='ltr'>quantas</span> <span class='ocrx_word' id='word_1_63' title='bbox 560 606 722 645; x_wconf 54' lang='lat' dir='ltr'>iurabat,</span> <span class='ocrx_word' id='word_1_64' title='bbox 748 615 786 639; x_wconf 91' lang='lat' dir='ltr'>et</span> <span class='ocrx_word' id='word_1_65' title='bbox 810 601 1000 649; x_wconf 86' lang='lat' dir='ltr'>publicum</span> <span class='ocrx_word' id='word_1_66' title='bbox 1028 599 1206 638; x_wconf 83' lang='lat' dir='ltr'>aerarium</span> <span class='ocrx_word' id='word_1_67' title='bbox 1241 600 1423 638; x_wconf 86' lang='lat' dir='ltr'>sumtibus</span> <span class='ocrx_word' id='word_1_68' title='bbox 1454 602 1529 638; x_wconf 91' lang='lat' dir='ltr'>illis</span> <span class='ocrx_word' id='word_1_69' title='bbox 1559 599 1694 638; x_wconf 86' lang='lat' dir='ltr'>insanis</span> 
     </span>
     <span class='ocr_line' id='line_1_15' title="bbox 217 649 1694 704; baseline -0.007 -9"><span class='ocrx_word' id='word_1_70' title='bbox 217 660 244 695; x_wconf 87' lang='lat'>4</span> <span class='ocrx_word' id='word_1_71' title='bbox 262 657 478 704; x_wconf 89' lang='lat' dir='ltr'>iampridem</span> <span class='ocrx_word' id='word_1_72' title='bbox 499 668 518 691; x_wconf 95' lang='lat' dir='ltr'>a</span> <span class='ocrx_word' id='word_1_73' title='bbox 538 655 747 692; x_wconf 83' lang='lat' dir='ltr'>Commodo</span> <span class='ocrx_word' id='word_1_74' title='bbox 768 649 988 691; x_wconf 76' lang='lat' dir='ltr'>exhaustum,</span> <span class='ocrx_word' id='word_1_75' title='bbox 1039 652 1164 697; x_wconf 86' lang='lat' dir='ltr'>Qare</span> <span class='ocrx_word' id='word_1_76' title='bbox 1187 662 1274 687; x_wconf 90' lang='lat' dir='ltr'>cum</span> <span class='ocrx_word' id='word_1_77' title='bbox 1294 650 1434 686; x_wconf 83' lang='lat' dir='ltr'>milites</span> <span class='ocrx_word' id='word_1_78' title='bbox 1451 650 1609 687; x_wconf 88' lang='lat' dir='ltr'>habebat</span> <span class='ocrx_word' id='word_1_79' title='bbox 1631 649 1694 685; x_wconf 88' lang='lat' dir='ltr'>in-</span> 
     </span>
     <span class='ocr_line' id='line_1_16' title="bbox 260 698 1695 752; baseline -0.008 -9"><span class='ocrx_word' id='word_1_80' title='bbox 260 706 397 748; x_wconf 77' lang='lat' dir='ltr'>sensus,</span> <span class='ocrx_word' id='word_1_81' title='bbox 420 704 504 752; x_wconf 82' lang='lat' dir='ltr'>qm‘a</span> <span class='ocrx_word' id='word_1_82' title='bbox 524 703 586 752; x_wconf 75' lang='lat' dir='ltr'>spe</span> <span class='ocrx_word' id='word_1_83' title='bbox 597 702 664 751; x_wconf 77' lang='lat' dir='ltr'>sua</span> <span class='ocrx_word' id='word_1_84' title='bbox 678 700 858 751; x_wconf 73' lang='lat' dir='ltr'>frustrati</span> <span class='ocrx_word' id='word_1_85' title='bbox 876 711 994 742; x_wconf 71' lang='lat' dir='ltr'>erant,</span> <span class='ocrx_word' id='word_1_86' title='bbox 1019 710 1099 736; x_wconf 88' lang='lat' dir='ltr'>tum</span> <span class='ocrx_word' id='word_1_87' title='bbox 1121 701 1298 746; x_wconf 75' lang='lat' dir='ltr'>apopulo</span> <span class='ocrx_word' id='word_1_88' title='bbox 1327 699 1444 736; x_wconf 84' lang='lat' dir='ltr'>totius</span> <span class='ocrx_word' id='word_1_89' title='bbox 1469 699 1523 736; x_wconf 87' lang='lat' dir='ltr'>rei</span> <span class='ocrx_word' id='word_1_90' title='bbox 1543 698 1695 735; x_wconf 73' lang='lat' dir='ltr'>conscio</span> 
     </span>
     <span class='ocr_line' id='line_1_17' title="bbox 264 746 1696 796; baseline -0.006 -5"><span class='ocrx_word' id='word_1_91' title='bbox 264 754 372 792; x_wconf 88' lang='lat' dir='ltr'>facile</span> <span class='ocrx_word' id='word_1_92' title='bbox 399 753 719 790; x_wconf 83' lang='lat' dir='ltr'>contemnebatur.</span> <span class='ocrx_word' id='word_1_93' title='bbox 776 751 902 796; x_wconf 88' lang='lat' dir='ltr'>Itaque</span> <span class='ocrx_word' id='word_1_94' title='bbox 931 760 970 786; x_wconf 87' lang='lat' dir='ltr'>et</span> <span class='ocrx_word' id='word_1_95' title='bbox 996 760 1294 796; x_wconf 84' lang='lat' dir='ltr'>praetereuntem</span> <span class='ocrx_word' id='word_1_96' title='bbox 1319 746 1522 785; x_wconf 75' lang='lat' dir='ltr'>malediffis</span> <span class='ocrx_word' id='word_1_97' title='bbox 1544 746 1696 784; x_wconf 65' lang='lat' dir='ltr'>insecta-</span> 
     </span>
     <span class='ocr_line' id='line_1_18' title="bbox 225 797 1695 848; baseline -0.007 -6"><span class='ocrx_word' id='word_1_98' title='bbox 225 807 243 842; x_wconf 79' lang='lat'>5</span> <span class='ocrx_word' id='word_1_99' title='bbox 265 803 412 844; x_wconf 90' lang='lat' dir='ltr'>bantur,</span> <span class='ocrx_word' id='word_1_100' title='bbox 424 812 462 838; x_wconf 85' lang='lat' dir='ltr'>et</span> <span class='ocrx_word' id='word_1_101' title='bbox 473 813 596 848; x_wconf 82' lang='lat' dir='ltr'>turpes</span> <span class='ocrx_word' id='word_1_102' title='bbox 608 801 864 847; x_wconf 82' lang='lat' dir='ltr'>ambiguasque</span> <span class='ocrx_word' id='word_1_103' title='bbox 875 798 1083 845; x_wconf 86' lang='lat' dir='ltr'>voluptates</span> <span class='ocrx_word' id='word_1_104' title='bbox 1094 799 1363 844; x_wconf 85' lang='lat' dir='ltr'>exprobrabant</span> <span class='ocrx_word' id='word_1_105' title='bbox 1375 813 1383 833; x_wconf 89' lang='lat'>:</span> <span class='ocrx_word' id='word_1_106' title='bbox 1395 797 1440 833; x_wconf 84' lang='lat' dir='ltr'>sic</span> <span class='ocrx_word' id='word_1_107' title='bbox 1451 808 1493 834; x_wconf 85' lang='lat' dir='ltr'>vt</span> <span class='ocrx_word' id='word_1_108' title='bbox 1505 797 1695 844; x_wconf 76' lang='lat' dir='ltr'>propalam</span> 
     </span>
     <span class='ocr_line' id='line_1_19' title="bbox 261 843 1697 898; baseline -0.006 -8"><span class='ocrx_word' id='word_1_109' title='bbox 261 854 374 890; x_wconf 87' lang='lat' dir='ltr'>etiam</span> <span class='ocrx_word' id='word_1_110' title='bbox 393 852 433 887; x_wconf 91' lang='lat' dir='ltr'>in</span> <span class='ocrx_word' id='word_1_111' title='bbox 451 851 571 892; x_wconf 91' lang='lat' dir='ltr'>circo,</span> <span class='ocrx_word' id='word_1_112' title='bbox 594 861 671 898; x_wconf 90' lang='lat' dir='ltr'>quo</span> <span class='ocrx_word' id='word_1_113' title='bbox 692 847 850 893; x_wconf 14' lang='lat' dir='ltr'>maxima*</span> <span class='ocrx_word' id='word_1_114' title='bbox 864 846 917 882; x_wconf 87' lang='lat' dir='ltr'>vis</span> <span class='ocrx_word' id='word_1_115' title='bbox 936 845 1130 884; x_wconf 90' lang='lat' dir='ltr'>hominum</span> <span class='ocrx_word' id='word_1_116' title='bbox 1150 847 1322 888; x_wconf 86' lang='lat' dir='ltr'>confluit,</span> <span class='ocrx_word' id='word_1_117' title='bbox 1341 846 1524 889; x_wconf 83' lang='lat' dir='ltr'>Iulianum</span> <span class='ocrx_word' id='word_1_118' title='bbox 1546 843 1697 882; x_wconf 81' lang='lat' dir='ltr'>incesse·</span> 
     </span>
     <span class='ocr_line' id='line_1_20' title="bbox 262 893 1696 944; baseline -0.007 -6"><span class='ocrx_word' id='word_1_119' title='bbox 262 913 360 942; x_wconf 81' lang='lat' dir='ltr'>rent,</span> <span class='ocrx_word' id='word_1_120' title='bbox 385 912 424 935; x_wconf 93' lang='lat' dir='ltr'>ac</span> <span class='ocrx_word' id='word_1_121' title='bbox 442 898 628 936; x_wconf 87' lang='lat' dir='ltr'>vindicem</span> <span class='ocrx_word' id='word_1_122' title='bbox 657 896 813 934; x_wconf 76' lang='lat' dir='ltr'>Romani</span> <span class='ocrx_word' id='word_1_123' title='bbox 845 894 1012 942; x_wconf 83' lang='lat' dir='ltr'>imperii,</span> <span class='ocrx_word' id='word_1_124' title='bbox 1041 896 1317 944; x_wconf 81' lang='lat' dir='ltr'>praesulemque</span> <span class='ocrx_word' id='word_1_125' title='bbox 1344 894 1479 934; x_wconf 81' lang='lat' dir='ltr'>summi</span> <span class='ocrx_word' id='word_1_126' title='bbox 1511 893 1696 943; x_wconf 85' lang='lat' dir='ltr'>principa-</span> 
     </span>
     <span class='ocr_line' id='line_1_21' title="bbox 262 939 1696 996; baseline -0.006 -9"><span class='ocrx_word' id='word_1_127' title='bbox 262 962 319 987; x_wconf 85' lang='lat' dir='ltr'>tus</span> <span class='ocrx_word' id='word_1_128' title='bbox 345 948 502 996; x_wconf 81' lang='lat' dir='ltr'>Nigrum</span> <span class='ocrx_word' id='word_1_129' title='bbox 532 947 757 983; x_wconf 85' lang='lat' dir='ltr'>vocitarent:</span> <span class='ocrx_word' id='word_1_130' title='bbox 785 956 946 987; x_wconf 81' lang='lat' dir='ltr'>orantes,</span> <span class='ocrx_word' id='word_1_131' title='bbox 973 955 1013 990; x_wconf 81' lang='lat' dir='ltr'>vt</span> <span class='ocrx_word' id='word_1_132' title='bbox 1031 945 1302 993; x_wconf 83' lang='lat' dir='ltr'>quamprimum</span> <span class='ocrx_word' id='word_1_133' title='bbox 1329 939 1486 991; x_wconf 60' lang='lat' dir='ltr'>adesset,</span> <span class='ocrx_word' id='word_1_134' title='bbox 1518 944 1696 993; x_wconf 74' lang='lat' dir='ltr'>ipsosque</span> 
     </span>
     <span class='ocr_line' id='line_1_22' title="bbox 222 993 1696 1045; baseline -0.005 -9"><span class='ocrx_word' id='word_1_135' title='bbox 222 1002 242 1037; x_wconf 83' lang='grc'>6</span> <span class='ocrx_word' id='word_1_136' title='bbox 261 1011 280 1034; x_wconf 90' lang='lat' dir='ltr'>a</span> <span class='ocrx_word' id='word_1_137' title='bbox 301 997 414 1035; x_wconf 78' lang='lat' dir='ltr'>tantis</span> <span class='ocrx_word' id='word_1_138' title='bbox 432 994 669 1033; x_wconf 73' lang='lat' dir='ltr'>contumeliis</span> <span class='ocrx_word' id='word_1_139' title='bbox 688 995 864 1030; x_wconf 65' lang='lat' dir='ltr'>assereret.</span> <span class='ocrx_word' id='word_1_140' title='bbox 915 997 949 1030; x_wconf 88' lang='lat' dir='ltr'>ls</span> <span class='ocrx_word' id='word_1_141' title='bbox 966 993 1082 1042; x_wconf 80' lang='lat' dir='ltr'>Niger</span> <span class='ocrx_word' id='word_1_142' title='bbox 1099 993 1336 1031; x_wconf 79' lang='lat' dir='ltr'>consulatum</span> <span class='ocrx_word' id='word_1_143' title='bbox 1356 995 1529 1043; x_wconf 76' lang='lat' dir='ltr'>gesserat,</span> <span class='ocrx_word' id='word_1_144' title='bbox 1556 1005 1597 1029; x_wconf 92' lang='lat' dir='ltr'>ac</span> <span class='ocrx_word' id='word_1_145' title='bbox 1613 1003 1696 1045; x_wconf 72' lang='lat' dir='ltr'>turn</span> 
     </span>
     <span class='ocr_line' id='line_1_23' title="bbox 217 1043 1695 1095; baseline -0.005 -12"><span class='ocrx_word' id='word_1_146' title='bbox 217 1061 239 1093; x_wconf 91' lang='lat'><strong><em>7</em></strong></span> <span class='ocrx_word' id='word_1_147' title='bbox 260 1046 384 1095; x_wconf 87' lang='lat' dir='ltr'>Syriae</span> <span class='ocrx_word' id='word_1_148' title='bbox 401 1057 564 1092; x_wconf 85' lang='lat' dir='ltr'>praeerat</span> <span class='ocrx_word' id='word_1_149' title='bbox 582 1043 781 1084; x_wconf 88' lang='lat' dir='ltr'>vniuersae‚</span> <span class='ocrx_word' id='word_1_150' title='bbox 801 1055 904 1090; x_wconf 80' lang='lat' dir='ltr'>quum</span> <span class='ocrx_word' id='word_1_151' title='bbox 916 1057 970 1084; x_wconf 73' lang='lat' dir='ltr'>ea,</span> <span class='ocrx_word' id='word_1_152' title='bbox 991 1057 1078 1092; x_wconf 80' lang='lat' dir='ltr'>quae</span> <span class='ocrx_word' id='word_1_153' title='bbox 1097 1044 1198 1086; x_wconf 86' lang='lat' dir='ltr'>dixi,</span> <span class='ocrx_word' id='word_1_154' title='bbox 1225 1045 1355 1080; x_wconf 84' lang='lat' dir='ltr'>Romae</span> <span class='ocrx_word' id='word_1_155' title='bbox 1366 1052 1600 1092; x_wconf 82' lang='lat' dir='ltr'>gererentur.</span> <span class='ocrx_word' id='word_1_156' title='bbox 1627 1051 1695 1089; x_wconf 75' lang='lat' dir='ltr'>qur</span> 
     </span>
     <span class='ocr_line' id='line_1_24' title="bbox 257 1090 1698 1141; baseline -0.005 -9"><span class='ocrx_word' id='word_1_157' title='bbox 257 1097 378 1133; x_wconf 88' lang='lat' dir='ltr'>honos</span> <span class='ocrx_word' id='word_1_158' title='bbox 400 1093 674 1141; x_wconf 65' lang='lat' dir='ltr'>ea‘ternpestate</span> <span class='ocrx_word' id='word_1_159' title='bbox 705 1093 825 1129; x_wconf 84' lang='lat' dir='ltr'>multo</span> <span class='ocrx_word' id='word_1_160' title='bbox 852 1091 1030 1131; x_wconf 76' lang='lat' dir='ltr'>maximus</span> <span class='ocrx_word' id='word_1_161' title='bbox 1062 1105 1158 1128; x_wconf 87' lang='lat' dir='ltr'>erat:</span> <span class='ocrx_word' id='word_1_162' title='bbox 1192 1093 1331 1140; x_wconf 83' lang='lat' dir='ltr'>quippe</span> <span class='ocrx_word' id='word_1_163' title='bbox 1359 1092 1470 1128; x_wconf 87' lang='lat' dir='ltr'>etiam</span> <span class='ocrx_word' id='word_1_164' title='bbox 1490 1090 1698 1128; x_wconf 83' lang='lat' dir='ltr'>Phoenices</span> 
     </span>
     <span class='ocr_line' id='line_1_25' title="bbox 219 1138 1700 1190; baseline -0.003 -11"><span class='ocrx_word' id='word_1_165' title='bbox 219 1153 238 1185; x_wconf 72' lang='grc'><strong>3</strong></span> <span class='ocrx_word' id='word_1_166' title='bbox 259 1143 455 1190; x_wconf 85' lang='lat' dir='ltr'>omnisque</span> <span class='ocrx_word' id='word_1_167' title='bbox 476 1144 520 1179; x_wconf 89' lang='lat' dir='ltr'>ad</span> <span class='ocrx_word' id='word_1_168' title='bbox 544 1143 772 1188; x_wconf 77' lang='lat' dir='ltr'>Euphratem</span> <span class='ocrx_word' id='word_1_169' title='bbox 790 1138 907 1187; x_wconf 80' lang='lat' dir='ltr'>regio,</span> <span class='ocrx_word' id='word_1_170' title='bbox 936 1141 1042 1188; x_wconf 80' lang='lat' dir='ltr'>Nigri</span> <span class='ocrx_word' id='word_1_171' title='bbox 1063 1142 1207 1177; x_wconf 83' lang='lat' dir='ltr'>suberat</span> <span class='ocrx_word' id='word_1_172' title='bbox 1225 1141 1397 1189; x_wconf 88' lang='lat' dir='ltr'>imperio.</span> <span class='ocrx_word' id='word_1_173' title='bbox 1444 1144 1484 1184; x_wconf 84' lang='lat' dir='ltr'>z)</span> <span class='ocrx_word' id='word_1_174' title='bbox 1502 1141 1583 1188; x_wconf 80' lang='lat' dir='ltr'>lpse</span> <span class='ocrx_word' id='word_1_175' title='bbox 1602 1150 1700 1176; x_wconf 84' lang='lat' dir='ltr'>aeta-</span> 
     </span>
     <span class='ocr_line' id='line_1_26' title="bbox 241 1187 1699 1239; baseline -0.005 -9"><span class='ocrx_word' id='word_1_176' title='bbox 241 1192 307 1230; x_wconf 44' lang='lat' dir='ltr'>*tis</span> <span class='ocrx_word' id='word_1_177' title='bbox 336 1201 413 1228; x_wconf 88' lang='lat' dir='ltr'>erat</span> <span class='ocrx_word' id='word_1_178' title='bbox 434 1190 505 1227; x_wconf 86' lang='lat' dir='ltr'>iam</span> <span class='ocrx_word' id='word_1_179' title='bbox 522 1191 566 1227; x_wconf 92' lang='lat' dir='ltr'>ad</span> <span class='ocrx_word' id='word_1_180' title='bbox 589 1189 815 1226; x_wconf 67' lang='lat' dir='ltr'>seneftutem</span> <span class='ocrx_word' id='word_1_181' title='bbox 836 1187 1047 1234; x_wconf 42' lang='lat' dir='ltr'>sanantis,</span> <span class='ocrx_word' id='word_1_182' title='bbox 1073 1189 1276 1237; x_wconf 88' lang='lat' dir='ltr'>multisque</span> <span class='ocrx_word' id='word_1_183' title='bbox 1299 1201 1339 1226; x_wconf 93' lang='lat' dir='ltr'>et</span> <span class='ocrx_word' id='word_1_184' title='bbox 1358 1190 1500 1239; x_wconf 86' lang='lat' dir='ltr'>magnis</span> <span class='ocrx_word' id='word_1_185' title='bbox 1526 1188 1566 1225; x_wconf 88' lang='lat' dir='ltr'>in</span> <span class='ocrx_word' id='word_1_186' title='bbox 1588 1191 1699 1226; x_wconf 85' lang='lat' dir='ltr'>rebus</span> 
     </span>
     <span class='ocr_line' id='line_1_27' title="bbox 258 1237 1698 1278; baseline -0.003 -1"><span class='ocrx_word' id='word_1_187' title='bbox 258 1254 334 1278; x_wconf 85' lang='lat' dir='ltr'>cum</span> <span class='ocrx_word' id='word_1_188' title='bbox 354 1242 456 1276; x_wconf 87' lang='lat' dir='ltr'>laude</span> <span class='ocrx_word' id='word_1_189' title='bbox 484 1238 648 1275; x_wconf 84' lang='lat' dir='ltr'>versatus</span> <span class='ocrx_word' id='word_1_190' title='bbox 668 1239 806 1274; x_wconf 86' lang='lat' dir='ltr'>famam</span> <span class='ocrx_word' id='word_1_191' title='bbox 830 1238 1048 1274; x_wconf 86' lang='lat' dir='ltr'>obtinuerat</span> <span class='ocrx_word' id='word_1_192' title='bbox 1072 1238 1367 1276; x_wconf 86' lang='lat' dir='ltr'>mansuetudinis</span> <span class='ocrx_word' id='word_1_193' title='bbox 1393 1251 1435 1274; x_wconf 93' lang='lat' dir='ltr'>ac</span> <span class='ocrx_word' id='word_1_194' title='bbox 1451 1237 1698 1277; x_wconf 81' lang='lat' dir='ltr'>dexteritatis.</span> 
     </span>
     <span class='ocr_line' id='line_1_28' title="bbox 258 1285 1731 1337; baseline -0.003 -12"><span class='ocrx_word' id='word_1_195' title='bbox 258 1288 307 1326; x_wconf 77' lang='lat' dir='ltr'>fic</span> <span class='ocrx_word' id='word_1_196' title='bbox 330 1296 369 1325; x_wconf 75' lang='lat' dir='ltr'>vt</span> <span class='ocrx_word' id='word_1_197' title='bbox 392 1288 505 1324; x_wconf 86' lang='lat' dir='ltr'>etiam</span> <span class='ocrx_word' id='word_1_198' title='bbox 518 1285 720 1324; x_wconf 88' lang='lat' dir='ltr'>Pertinacis</span> <span class='ocrx_word' id='word_1_199' title='bbox 738 1286 852 1322; x_wconf 87' lang='lat' dir='ltr'>vitam</span> <span class='ocrx_word' id='word_1_200' title='bbox 873 1297 1065 1333; x_wconf 84' lang='lat' dir='ltr'>putaretur</span> <span class='ocrx_word' id='word_1_201' title='bbox 1085 1287 1274 1323; x_wconf 87' lang='lat' dir='ltr'>aemulari.</span> <span class='ocrx_word' id='word_1_202' title='bbox 1300 1286 1437 1333; x_wconf 80' lang='lat' dir='ltr'>quibus</span> <span class='ocrx_word' id='word_1_203' title='bbox 1460 1287 1617 1322; x_wconf 84' lang='lat' dir='ltr'>maxime</span> <span class='ocrx_word' id='word_1_204' title='bbox 1638 1297 1699 1321; x_wconf 90' lang='lat' dir='ltr'>re-</span> <span class='ocrx_word' id='word_1_205' title='bbox 1723 1324 1731 1337; x_wconf 26' lang='lat' dir='ltr'>N</span> 
     </span>
     <span class='ocr_line' id='line_1_29' title="bbox 260 1334 1725 1385; baseline -0.003 -11"><span class='ocrx_word' id='word_1_206' title='bbox 260 1339 328 1376; x_wconf 89' lang='lat' dir='ltr'>bus</span> <span class='ocrx_word' id='word_1_207' title='bbox 362 1336 493 1384; x_wconf 87' lang='lat' dir='ltr'>populi</span> <span class='ocrx_word' id='word_1_208' title='bbox 520 1336 688 1373; x_wconf 89' lang='lat' dir='ltr'>fauorem</span> <span class='ocrx_word' id='word_1_209' title='bbox 716 1335 874 1381; x_wconf 87' lang='lat' dir='ltr'>adeptus</span> <span class='ocrx_word' id='word_1_210' title='bbox 908 1334 1113 1373; x_wconf 86' lang='lat' dir='ltr'>videbatur.</span> <span class='ocrx_word' id='word_1_211' title='bbox 1167 1337 1279 1374; x_wconf 86' lang='lat' dir='ltr'>Hunc</span> <span class='ocrx_word' id='word_1_212' title='bbox 1308 1336 1424 1385; x_wconf 81' lang='lat' dir='ltr'>igitur</span> <span class='ocrx_word' id='word_1_213' title='bbox 1459 1334 1594 1380; x_wconf 73' lang='lat' dir='ltr'>assidue</span> <span class='ocrx_word' id='word_1_214' title='bbox 1624 1334 1725 1375; x_wconf 60' lang='lat' dir='ltr'>fre-„</span> 
     </span>
     <span class='ocr_line' id='line_1_30' title="bbox 259 1383 1732 1435; baseline -0.001 -12"><span class='ocrx_word' id='word_1_215' title='bbox 259 1386 412 1435; x_wconf 86' lang='lat' dir='ltr'>quentis</span> <span class='ocrx_word' id='word_1_216' title='bbox 435 1385 566 1432; x_wconf 89' lang='lat' dir='ltr'>populi</span> <span class='ocrx_word' id='word_1_217' title='bbox 595 1385 771 1421; x_wconf 87' lang='lat' dir='ltr'>clamores</span> <span class='ocrx_word' id='word_1_218' title='bbox 801 1384 1068 1430; x_wconf 88' lang='lat' dir='ltr'>implorabant,</span> <span class='ocrx_word' id='word_1_219' title='bbox 1095 1397 1136 1420; x_wconf 93' lang='lat' dir='ltr'>ac</span> <span class='ocrx_word' id='word_1_220' title='bbox 1156 1385 1387 1432; x_wconf 85' lang='lat' dir='ltr'>praesentem</span> <span class='ocrx_word' id='word_1_221' title='bbox 1408 1383 1590 1423; x_wconf 78' lang='lat' dir='ltr'>Iulianum</span> <span class='ocrx_word' id='word_1_222' title='bbox 1609 1394 1701 1421; x_wconf 68' lang='lat' dir='ltr'>con,-</span> <span class='ocrx_word' id='word_1_223' title='bbox 1723 1397 1732 1411; x_wconf 55' lang='grc' dir='ltr'><strong><em>ἰ</em></strong></span> 
     </span>
     <span class='ocr_line' id='line_1_31' title="bbox 257 1432 1701 1482; baseline -0.003 -11"><span class='ocrx_word' id='word_1_224' title='bbox 257 1436 359 1471; x_wconf 86' lang='lat' dir='ltr'>nicio</span> <span class='ocrx_word' id='word_1_225' title='bbox 383 1434 595 1475; x_wconf 78' lang='lat' dir='ltr'>lacerantes,</span> <span class='ocrx_word' id='word_1_226' title='bbox 618 1433 736 1475; x_wconf 87' lang='lat' dir='ltr'>illum,</span> <span class='ocrx_word' id='word_1_227' title='bbox 765 1432 876 1469; x_wconf 87' lang='lat' dir='ltr'>etiam</span> <span class='ocrx_word' id='word_1_228' title='bbox 899 1432 1101 1475; x_wconf 82' lang='lat' dir='ltr'>absentem,</span> <span class='ocrx_word' id='word_1_229' title='bbox 1126 1433 1288 1471; x_wconf 78' lang='lat' dir='ltr'>vniuerfi</span> <span class='ocrx_word' id='word_1_230' title='bbox 1298 1433 1567 1482; x_wconf 84' lang='lat' dir='ltr'>principalibus</span> <span class='ocrx_word' id='word_1_231' title='bbox 1586 1433 1701 1469; x_wconf 87' lang='lat' dir='ltr'>accla-</span> 
     </span>
     <span class='ocr_line' id='line_1_32' title="bbox 217 1480 1700 1533; baseline -0.002 -12"><span class='ocrx_word' id='word_1_232' title='bbox 217 1493 237 1526; x_wconf 87' lang='lat'><strong>9</strong></span> <span class='ocrx_word' id='word_1_233' title='bbox 257 1482 485 1521; x_wconf 83' lang='lat' dir='ltr'>mationibus</span> <span class='ocrx_word' id='word_1_234' title='bbox 512 1482 714 1532; x_wconf 87' lang='lat' dir='ltr'>faustisque</span> <span class='ocrx_word' id='word_1_235' title='bbox 742 1480 897 1520; x_wconf 87' lang='lat' dir='ltr'>vocibus</span> <span class='ocrx_word' id='word_1_236' title='bbox 929 1481 1259 1533; x_wconf 84' lang='lat' dir='ltr'>prosequebantur.</span> <span class='ocrx_word' id='word_1_237' title='bbox 1321 1483 1469 1525; x_wconf 86' lang='lat' dir='ltr'>Quibus</span> <span class='ocrx_word' id='word_1_238' title='bbox 1497 1480 1700 1519; x_wconf 74' lang='lat' dir='ltr'>intelleffis</span> 
     </span>
    </p>
   </div>
   <div class='ocr_carea' id='block_1_5' title="bbox 1001 1592 1729 1647">
    <p class='ocr_par' dir='ltr' id='par_1_5' title="bbox 1001 1592 1729 1647">
     <span class='ocr_line' id='line_1_33' title="bbox 1001 1592 1729 1647; baseline 0 -10"><span class='ocrx_word' id='word_1_239' title='bbox 1001 1610 1082 1637; x_wconf 85' lang='lat' dir='ltr'>tum</span> <span class='ocrx_word' id='word_1_240' title='bbox 1109 1608 1220 1647; x_wconf 87' lang='lat' dir='ltr'>atque</span> <span class='ocrx_word' id='word_1_241' title='bbox 1249 1598 1492 1642; x_wconf 72' lang='lat' dir='ltr'>industrium,</span> <span class='ocrx_word' id='word_1_242' title='bbox 1521 1610 1562 1637; x_wconf 89' lang='lat' dir='ltr'>et</span> <span class='ocrx_word' id='word_1_243' title='bbox 1582 1592 1729 1637; x_wconf 63' lang='lat' dir='ltr'>vitam*</span> 
     </span>
    </p>
   </div>
   <div class='ocr_carea' id='block_1_6' title="bbox 296 1597 1727 1698">
    <p class='ocr_par' dir='ltr' id='par_1_6' title="bbox 296 1597 1727 1698">
     <span class='ocr_line' id='line_1_34' title="bbox 296 1597 954 1649; baseline -0.002 -13"><span class='ocrx_word' id='word_1_244' title='bbox 296 1601 341 1649; x_wconf 79' lang='lat' dir='ltr'>y)</span> <span class='ocrx_word' id='word_1_245' title='bbox 368 1600 440 1638; x_wconf 85' lang='lat' dir='ltr'>Sed</span> <span class='ocrx_word' id='word_1_246' title='bbox 465 1609 507 1636; x_wconf 76' lang='lat' dir='ltr'>et</span> <span class='ocrx_word' id='word_1_247' title='bbox 535 1598 636 1646; x_wconf 85' lang='lat' dir='ltr'>spem</span> <span class='ocrx_word' id='word_1_248' title='bbox 662 1597 741 1635; x_wconf 83' lang='lat' dir='ltr'>mil.</span> <span class='ocrx_word' id='word_1_249' title='bbox 769 1598 954 1642; x_wconf 73' lang='lat' dir='ltr'>fefellisse.</span> 
     </span>
     <span class='ocr_line' id='line_1_35' title="bbox 1002 1647 1727 1698; baseline -0.003 -12"><span class='ocrx_word' id='word_1_250' title='bbox 1002 1648 1204 1686; x_wconf 85' lang='lat' dir='ltr'>Pertinacis</span> <span class='ocrx_word' id='word_1_251' title='bbox 1220 1649 1407 1685; x_wconf 88' lang='lat' dir='ltr'>aemulari.</span> <span class='ocrx_word' id='word_1_252' title='bbox 1434 1649 1567 1698; x_wconf 86' lang='lat' dir='ltr'>quibus</span> <span class='ocrx_word' id='word_1_253' title='bbox 1588 1648 1701 1684; x_wconf 80' lang='lat' dir='ltr'>maxi·</span> <span class='ocrx_word' id='word_1_254' title='bbox 1721 1647 1727 1654; x_wconf 79' lang='lat'><em>&#39;</em></span> 
     </span>
    </p>
   </div>
   <div class='ocr_carea' id='block_1_7' title="bbox 255 1647 980 1696">
    <p class='ocr_par' dir='ltr' id='par_1_7' title="bbox 255 1647 980 1696">
     <span class='ocr_line' id='line_1_36' title="bbox 255 1647 980 1696; baseline -0.003 -9"><span class='ocrx_word' id='word_1_255' title='bbox 255 1649 332 1687; x_wconf 91' lang='lat' dir='ltr'>illis</span> <span class='ocrx_word' id='word_1_256' title='bbox 360 1661 433 1696; x_wconf 85' lang='lat' dir='ltr'>quc</span> <span class='ocrx_word' id='word_1_257' title='bbox 459 1647 666 1695; x_wconf 74' lang='lat' dir='ltr'>imposuisse</span> <span class='ocrx_word' id='word_1_258' title='bbox 702 1647 953 1696; x_wconf 88' lang='lat' dir='ltr'>comperieba·</span> <span class='ocrx_word' id='word_1_259' title='bbox 976 1674 980 1678; x_wconf 24' lang='grc' dir='ltr'>κ</span> 
     </span>
    </p>
   </div>
   <div class='ocr_carea' id='block_1_8' title="bbox 252 1695 955 2712">
    <p class='ocr_par' dir='ltr' id='par_1_8' title="bbox 253 1695 955 2521">
     <span class='ocr_line' id='line_1_37' title="bbox 258 1695 953 1746; baseline -0.003 -11"><span class='ocrx_word' id='word_1_260' title='bbox 258 1709 343 1736; x_wconf 87' lang='lat' dir='ltr'>tur:</span> <span class='ocrx_word' id='word_1_261' title='bbox 368 1699 471 1746; x_wconf 91' lang='lat' dir='ltr'>quod</span> <span class='ocrx_word' id='word_1_262' title='bbox 502 1695 666 1744; x_wconf 84' lang='lat' dir='ltr'>promissa</span> <span class='ocrx_word' id='word_1_263' title='bbox 694 1697 851 1744; x_wconf 84' lang='lat' dir='ltr'>implere</span> <span class='ocrx_word' id='word_1_264' title='bbox 871 1709 953 1733; x_wconf 85' lang='lat' dir='ltr'>non</span> 
     </span>
     <span class='ocr_line' id='line_1_38' title="bbox 257 1745 953 1795; baseline -0.001 -12"><span class='ocrx_word' id='word_1_265' title='bbox 257 1747 385 1795; x_wconf 86' lang='lat' dir='ltr'>posset.</span> <span class='ocrx_word' id='word_1_266' title='bbox 411 1745 588 1794; x_wconf 81' lang='lat' dir='ltr'>siquidem</span> <span class='ocrx_word' id='word_1_267' title='bbox 606 1757 729 1794; x_wconf 84' lang='lat' dir='ltr'>neque</span> <span class='ocrx_word' id='word_1_268' title='bbox 748 1745 850 1782; x_wconf 89' lang='lat' dir='ltr'>domi</span> <span class='ocrx_word' id='word_1_269' title='bbox 870 1757 953 1782; x_wconf 71' lang='lat' dir='ltr'>ten·</span> 
     </span>
     <span class='ocr_line' id='line_1_39' title="bbox 258 1794 952 1843; baseline -0.004 -11"><span class='ocrx_word' id='word_1_270' title='bbox 258 1808 317 1832; x_wconf 86' lang='lat' dir='ltr'>rae</span> <span class='ocrx_word' id='word_1_271' title='bbox 345 1795 396 1833; x_wconf 89' lang='lat' dir='ltr'>iili</span> <span class='ocrx_word' id='word_1_272' title='bbox 431 1805 536 1831; x_wconf 83' lang='lat' dir='ltr'>erant</span> <span class='ocrx_word' id='word_1_273' title='bbox 569 1794 767 1840; x_wconf 85' lang='lat' dir='ltr'>pecuniae,</span> <span class='ocrx_word' id='word_1_274' title='bbox 799 1805 952 1843; x_wconf 87' lang='lat' dir='ltr'>quantas</span> 
     </span>
     <span class='ocr_line' id='line_1_40' title="bbox 257 1842 950 1890; baseline -0.004 -9"><span class='ocrx_word' id='word_1_275' title='bbox 257 1843 473 1884; x_wconf 65' lang='lat' dir='ltr'>iaRauerat3</span> <span class='ocrx_word' id='word_1_276' title='bbox 509 1855 633 1890; x_wconf 89' lang='lat' dir='ltr'>neque</span> <span class='ocrx_word' id='word_1_277' title='bbox 666 1842 779 1880; x_wconf 86' lang='lat' dir='ltr'>etiam</span> <span class='ocrx_word' id='word_1_278' title='bbox 812 1843 950 1890; x_wconf 85' lang='lat' dir='ltr'>publici</span> 
     </span>
     <span class='ocr_line' id='line_1_41' title="bbox 257 1891 955 1932; baseline -0.003 -2"><span class='ocrx_word' id='word_1_279' title='bbox 257 1893 411 1930; x_wconf 86' lang='lat' dir='ltr'>thesauri</span> <span class='ocrx_word' id='word_1_280' title='bbox 429 1891 706 1932; x_wconf 81' lang='lat' dir='ltr'>habebant3sed</span> <span class='ocrx_word' id='word_1_281' title='bbox 726 1903 855 1929; x_wconf 90' lang='lat' dir='ltr'>omnes</span> <span class='ocrx_word' id='word_1_282' title='bbox 867 1901 955 1928; x_wconf 84' lang='lat' dir='ltr'>ante</span> 
     </span>
     <span class='ocr_line' id='line_1_42' title="bbox 257 1940 955 1987; baseline -0.003 -9"><span class='ocrx_word' id='word_1_283' title='bbox 257 1941 448 1979; x_wconf 88' lang='lat' dir='ltr'>exhaustae</span> <span class='ocrx_word' id='word_1_284' title='bbox 475 1940 624 1977; x_wconf 90' lang='lat' dir='ltr'>fuerant</span> <span class='ocrx_word' id='word_1_285' title='bbox 662 1941 810 1987; x_wconf 88' lang='lat' dir='ltr'>perdito</span> <span class='ocrx_word' id='word_1_286' title='bbox 840 1942 955 1977; x_wconf 79' lang='lat' dir='ltr'>Com-</span> 
     </span>
     <span class='ocr_line' id='line_1_43' title="bbox 256 1988 950 2038; baseline 0 -12"><span class='ocrx_word' id='word_1_287' title='bbox 256 1989 358 2026; x_wconf 89' lang='lat' dir='ltr'>modi</span> <span class='ocrx_word' id='word_1_288' title='bbox 379 1990 475 2032; x_wconf 88' lang='lat' dir='ltr'>luxu,</span> <span class='ocrx_word' id='word_1_289' title='bbox 495 2000 535 2026; x_wconf 93' lang='lat' dir='ltr'>et</span> <span class='ocrx_word' id='word_1_290' title='bbox 554 1988 736 2026; x_wconf 86' lang='lat' dir='ltr'>immensis</span> <span class='ocrx_word' id='word_1_291' title='bbox 761 2000 873 2038; x_wconf 88' lang='lat' dir='ltr'>atque</span> <span class='ocrx_word' id='word_1_292' title='bbox 894 1990 950 2026; x_wconf 91' lang='lat' dir='ltr'>in-</span> 
     </span>
     <span class='ocr_line' id='line_1_44' title="bbox 255 2036 949 2076; baseline 0 -1"><span class='ocrx_word' id='word_1_293' title='bbox 255 2036 492 2075; x_wconf 84' lang='lat' dir='ltr'>consideratis</span> <span class='ocrx_word' id='word_1_294' title='bbox 511 2037 704 2075; x_wconf 86' lang='lat' dir='ltr'>sumtibus.</span> <span class='ocrx_word' id='word_1_295' title='bbox 732 2039 785 2076; x_wconf 88' lang='lat' dir='ltr'>Ex</span> <span class='ocrx_word' id='word_1_296' title='bbox 803 2039 870 2075; x_wconf 88' lang='lat' dir='ltr'>hac</span> <span class='ocrx_word' id='word_1_297' title='bbox 888 2051 949 2075; x_wconf 84' lang='lat' dir='ltr'>au-</span> 
     </span>
     <span class='ocr_line' id='line_1_45' title="bbox 255 2086 949 2125; baseline -0.001 0"><span class='ocrx_word' id='word_1_298' title='bbox 255 2099 332 2125; x_wconf 89' lang='lat' dir='ltr'>tem</span> <span class='ocrx_word' id='word_1_299' title='bbox 346 2086 494 2124; x_wconf 83' lang='lat' dir='ltr'>audacia</span> <span class='ocrx_word' id='word_1_300' title='bbox 517 2095 555 2122; x_wconf 90' lang='lat' dir='ltr'>et</span> <span class='ocrx_word' id='word_1_301' title='bbox 581 2088 648 2123; x_wconf 89' lang='lat' dir='ltr'>hac</span> <span class='ocrx_word' id='word_1_302' title='bbox 673 2086 720 2122; x_wconf 90' lang='lat' dir='ltr'>de</span> <span class='ocrx_word' id='word_1_303' title='bbox 744 2086 843 2124; x_wconf 86' lang='lat' dir='ltr'>causa</span> <span class='ocrx_word' id='word_1_304' title='bbox 864 2099 949 2124; x_wconf 90' lang='lat' dir='ltr'>cum</span> 
     </span>
     <span class='ocr_line' id='line_1_46' title="bbox 254 2133 949 2181; baseline -0.001 -8"><span class='ocrx_word' id='word_1_305' title='bbox 254 2135 391 2173; x_wconf 85' lang='lat' dir='ltr'>milites</span> <span class='ocrx_word' id='word_1_306' title='bbox 414 2135 472 2172; x_wconf 88' lang='lat' dir='ltr'>sua</span> <span class='ocrx_word' id='word_1_307' title='bbox 495 2134 556 2181; x_wconf 89' lang='lat' dir='ltr'>spe</span> <span class='ocrx_word' id='word_1_308' title='bbox 585 2133 743 2172; x_wconf 89' lang='lat' dir='ltr'>frustrati</span> <span class='ocrx_word' id='word_1_309' title='bbox 778 2136 949 2172; x_wconf 89' lang='lat' dir='ltr'>subindi-</span> 
     </span>
     <span class='ocr_line' id='line_1_47' title="bbox 283 2184 949 2232; baseline 0.005 -13"><span class='ocrx_word' id='word_1_310' title='bbox 283 2185 574 2225; x_wconf 75' lang='lat' dir='ltr'>nabantur3tum</span> <span class='ocrx_word' id='word_1_311' title='bbox 591 2196 678 2220; x_wconf 85' lang='lat' dir='ltr'>vero</span> <span class='ocrx_word' id='word_1_312' title='bbox 697 2184 949 2232; x_wconf 85' lang='lat' dir='ltr'>populus,qui</span> 
     </span>
     <span class='ocr_line' id='line_1_48' title="bbox 274 2231 949 2279; baseline 0.003 -11"><span class='ocrx_word' id='word_1_313' title='bbox 274 2232 438 2274; x_wconf 85' lang='lat' dir='ltr'>enserat‚</span> <span class='ocrx_word' id='word_1_314' title='bbox 462 2231 654 2279; x_wconf 84' lang='lat' dir='ltr'>quomodo</span> <span class='ocrx_word' id='word_1_315' title='bbox 676 2233 812 2269; x_wconf 83' lang='lat' dir='ltr'>milites</span> <span class='ocrx_word' id='word_1_316' title='bbox 834 2234 949 2270; x_wconf 77' lang='lat' dir='ltr'>essent</span> 
     </span>
     <span class='ocr_line' id='line_1_49' title="bbox 255 2280 947 2321; baseline 0.001 -4"><span class='ocrx_word' id='word_1_317' title='bbox 255 2280 430 2321; x_wconf 76' lang='lat' dir='ltr'>animati,</span> <span class='ocrx_word' id='word_1_318' title='bbox 462 2280 667 2317; x_wconf 81' lang='lat' dir='ltr'>contemtui</span> <span class='ocrx_word' id='word_1_319' title='bbox 703 2281 808 2318; x_wconf 87' lang='lat' dir='ltr'>illum</span> <span class='ocrx_word' id='word_1_320' title='bbox 836 2282 947 2318; x_wconf 83' lang='lat' dir='ltr'>habe-</span> 
     </span>
     <span class='ocr_line' id='line_1_50' title="bbox 256 2328 946 2375; baseline 0.003 -10"><span class='ocrx_word' id='word_1_321' title='bbox 256 2329 366 2366; x_wconf 86' lang='lat' dir='ltr'>bant:</span> <span class='ocrx_word' id='word_1_322' title='bbox 397 2328 487 2364; x_wconf 85' lang='lat' dir='ltr'>adeo</span> <span class='ocrx_word' id='word_1_323' title='bbox 516 2339 558 2365; x_wconf 88' lang='lat' dir='ltr'>vt</span> <span class='ocrx_word' id='word_1_324' title='bbox 584 2340 622 2365; x_wconf 91' lang='lat' dir='ltr'>et</span> <span class='ocrx_word' id='word_1_325' title='bbox 651 2339 946 2375; x_wconf 87' lang='lat' dir='ltr'>praetereuntem</span> 
     </span>
     <span class='ocr_line' id='line_1_51' title="bbox 254 2376 946 2426; baseline 0.003 -13"><span class='ocrx_word' id='word_1_326' title='bbox 254 2376 457 2414; x_wconf 71' lang='lat' dir='ltr'>malediCtis</span> <span class='ocrx_word' id='word_1_327' title='bbox 486 2376 720 2420; x_wconf 80' lang='lat' dir='ltr'>incesserent,</span> <span class='ocrx_word' id='word_1_328' title='bbox 747 2389 785 2414; x_wconf 91' lang='lat' dir='ltr'>et</span> <span class='ocrx_word' id='word_1_329' title='bbox 820 2390 946 2426; x_wconf 87' lang='lat' dir='ltr'>turpes</span> 
     </span>
     <span class='ocr_line' id='line_1_52' title="bbox 256 2425 946 2475; baseline 0.004 -14"><span class='ocrx_word' id='word_1_330' title='bbox 256 2426 441 2471; x_wconf 78' lang='lat' dir='ltr'>ambiguas</span> <span class='ocrx_word' id='word_1_331' title='bbox 469 2437 541 2472; x_wconf 89' lang='lat' dir='ltr'>que</span> <span class='ocrx_word' id='word_1_332' title='bbox 575 2425 783 2472; x_wconf 83' lang='lat' dir='ltr'>voluptates</span> <span class='ocrx_word' id='word_1_333' title='bbox 811 2439 946 2475; x_wconf 87' lang='lat' dir='ltr'>expro-</span> 
     </span>
     <span class='ocr_line' id='line_1_53' title="bbox 253 2473 551 2521; baseline -0.003 -10"><span class='ocrx_word' id='word_1_334' title='bbox 253 2475 412 2511; x_wconf 82' lang='lat' dir='ltr'>brarent.</span> <span class='ocrx_word' id='word_1_335' title='bbox 434 2473 551 2521; x_wconf 66' lang='lat' dir='ltr'>Steph»</span> 
     </span>
    </p>

    <p class='ocr_par' dir='ltr' id='par_1_9' title="bbox 252 2522 948 2712">
     <span class='ocr_line' id='line_1_54' title="bbox 303 2522 946 2569; baseline 0.003 -11"><span class='ocrx_word' id='word_1_336' title='bbox 303 2525 342 2569; x_wconf 87' lang='lat' dir='ltr'>z)</span> <span class='ocrx_word' id='word_1_337' title='bbox 369 2523 450 2558; x_wconf 84' lang='lat' dir='ltr'>Erat</span> <span class='ocrx_word' id='word_1_338' title='bbox 466 2534 587 2558; x_wconf 87' lang='lat' dir='ltr'>autem</span> <span class='ocrx_word' id='word_1_339' title='bbox 608 2532 726 2558; x_wconf 88' lang='lat' dir='ltr'>aetate</span> <span class='ocrx_word' id='word_1_340' title='bbox 751 2522 946 2560; x_wconf 86' lang='lat' dir='ltr'>mediocri-</span> 
     </span>
     <span class='ocr_line' id='line_1_55' title="bbox 252 2570 947 2617; baseline 0.003 -11"><span class='ocrx_word' id='word_1_341' title='bbox 252 2583 310 2608; x_wconf 76' lang='lat' dir='ltr'>ter</span> <span class='ocrx_word' id='word_1_342' title='bbox 332 2570 523 2617; x_wconf 61' lang='lat' dir='ltr'>prout-fla,</span> <span class='ocrx_word' id='word_1_343' title='bbox 548 2571 752 2617; x_wconf 81' lang='lat' dir='ltr'>multisque</span> <span class='ocrx_word' id='word_1_344' title='bbox 775 2583 812 2608; x_wconf 90' lang='lat' dir='ltr'>et</span> <span class='ocrx_word' id='word_1_345' title='bbox 832 2585 877 2608; x_wconf 92' lang='lat' dir='ltr'>m.</span> <span class='ocrx_word' id='word_1_346' title='bbox 903 2571 947 2608; x_wconf 83' lang='lat' dir='ltr'>in</span> 
     </span>
     <span class='ocr_line' id='line_1_56' title="bbox 252 2619 948 2668; baseline 0.006 -15"><span class='ocrx_word' id='word_1_347' title='bbox 252 2634 277 2656; x_wconf 84' lang='lat' dir='ltr'>r.</span> <span class='ocrx_word' id='word_1_348' title='bbox 300 2619 498 2666; x_wconf 67' lang='lat' dir='ltr'>spectatus:</span> <span class='ocrx_word' id='word_1_349' title='bbox 526 2630 566 2653; x_wconf 92' lang='lat' dir='ltr'>ac</span> <span class='ocrx_word' id='word_1_350' title='bbox 591 2619 684 2655; x_wconf 82' lang='lat' dir='ltr'>fama</span> <span class='ocrx_word' id='word_1_351' title='bbox 714 2620 782 2656; x_wconf 90' lang='lat' dir='ltr'>iam</span> <span class='ocrx_word' id='word_1_352' title='bbox 805 2633 948 2668; x_wconf 90' lang='lat' dir='ltr'>percre-</span> 
     </span>
     <span class='ocr_line' id='line_1_57' title="bbox 254 2665 947 2712; baseline 0.004 -6"><span class='ocrx_word' id='word_1_353' title='bbox 254 2668 408 2712; x_wconf 77' lang='lat' dir='ltr'>buerat,</span> <span class='ocrx_word' id='word_1_354' title='bbox 435 2679 521 2706; x_wconf 80' lang='lat' dir='ltr'>eum</span> <span class='ocrx_word' id='word_1_355' title='bbox 540 2665 608 2706; x_wconf 80' lang='lat' dir='ltr'>esl‘e</span> <span class='ocrx_word' id='word_1_356' title='bbox 635 2668 755 2707; x_wconf 85' lang='lat' dir='ltr'>virum</span> <span class='ocrx_word' id='word_1_357' title='bbox 780 2669 947 2709; x_wconf 76' lang='lat' dir='ltr'>mansue-</span> 
     </span>
    </p>
   </div>
   <div class='ocr_carea' id='block_1_9' title="bbox 993 1697 1728 2675">
    <p class='ocr_par' dir='ltr' id='par_1_10' title="bbox 999 1697 1728 1942">
     <span class='ocr_line' id='line_1_58' title="bbox 1002 1697 1727 1740; baseline -0.001 -6"><span class='ocrx_word' id='word_1_358' title='bbox 1002 1710 1062 1734; x_wconf 88' lang='lat' dir='ltr'>me</span> <span class='ocrx_word' id='word_1_359' title='bbox 1097 1697 1206 1734; x_wconf 87' lang='lat' dir='ltr'>rebus</span> <span class='ocrx_word' id='word_1_360' title='bbox 1231 1698 1391 1734; x_wconf 81' lang='lat' dir='ltr'>Romani</span> <span class='ocrx_word' id='word_1_361' title='bbox 1416 1699 1700 1740; x_wconf 67' lang='lat' dir='ltr'>adducebantur,</span> <span class='ocrx_word' id='word_1_362' title='bbox 1724 1730 1727 1733; x_wconf 33' lang='lat' dir='ltr'><em>f</em></span> 
     </span>
     <span class='ocr_line' id='line_1_59' title="bbox 999 1745 1723 1794; baseline 0.003 -11"><span class='ocrx_word' id='word_1_363' title='bbox 999 1746 1048 1783; x_wconf 79' lang='lat' dir='ltr'>ad</span> <span class='ocrx_word' id='word_1_364' title='bbox 1091 1758 1179 1784; x_wconf 89' lang='lat' dir='ltr'>eum</span> <span class='ocrx_word' id='word_1_365' title='bbox 1222 1747 1427 1794; x_wconf 79' lang='lat' dir='ltr'>optandum</span> <span class='ocrx_word' id='word_1_366' title='bbox 1441 1769 1451 1789; x_wconf 86' lang='lat'><em>‚</em></span> <span class='ocrx_word' id='word_1_367' title='bbox 1509 1745 1700 1785; x_wconf 73' lang='lat' dir='ltr'>videlicet.</span> <span class='ocrx_word' id='word_1_368' title='bbox 1721 1787 1723 1789; x_wconf 69' lang='grc'><em>,</em></span> 
     </span>
     <span class='ocr_line' id='line_1_60' title="bbox 1001 1794 1728 1844; baseline 0.001 -13"><span class='ocrx_word' id='word_1_369' title='bbox 1001 1799 1122 1844; x_wconf 81' lang='lat' dir='ltr'>Atque</span> <span class='ocrx_word' id='word_1_370' title='bbox 1150 1796 1236 1832; x_wconf 75' lang='lat' dir='ltr'>adeo</span> <span class='ocrx_word' id='word_1_371' title='bbox 1263 1796 1370 1832; x_wconf 87' lang='lat' dir='ltr'>illum</span> <span class='ocrx_word' id='word_1_372' title='bbox 1398 1794 1554 1839; x_wconf 66' lang='lat' dir='ltr'>assidue,</span> <span class='ocrx_word' id='word_1_373' title='bbox 1582 1806 1701 1843; x_wconf 87' lang='lat' dir='ltr'>quum</span> <span class='ocrx_word' id='word_1_374' title='bbox 1724 1815 1728 1820; x_wconf 46' lang='lat'>³</span> 
     </span>
     <span class='ocr_line' id='line_1_61' title="bbox 1003 1845 1727 1893; baseline -0.001 -12"><span class='ocrx_word' id='word_1_375' title='bbox 1003 1846 1163 1893; x_wconf 86' lang='lat' dir='ltr'>populus</span> <span class='ocrx_word' id='word_1_376' title='bbox 1183 1845 1418 1886; x_wconf 89' lang='lat' dir='ltr'>conueniret,</span> <span class='ocrx_word' id='word_1_377' title='bbox 1439 1846 1635 1886; x_wconf 89' lang='lat' dir='ltr'>vocabant,</span> <span class='ocrx_word' id='word_1_378' title='bbox 1657 1846 1727 1885; x_wconf 49' lang='lat' dir='ltr'>aeg</span> 
     </span>
     <span class='ocr_line' id='line_1_62' title="bbox 1003 1893 1700 1942; baseline 0.001 -13"><span class='ocrx_word' id='word_1_379' title='bbox 1003 1893 1231 1942; x_wconf 81' lang='lat' dir='ltr'>praesentem</span> <span class='ocrx_word' id='word_1_380' title='bbox 1251 1894 1319 1930; x_wconf 90' lang='lat' dir='ltr'>lul.</span> <span class='ocrx_word' id='word_1_381' title='bbox 1342 1893 1519 1931; x_wconf 89' lang='lat' dir='ltr'>conuitiis</span> <span class='ocrx_word' id='word_1_382' title='bbox 1538 1893 1700 1930; x_wconf 79' lang='lat' dir='ltr'>laceran-</span> 
     </span>
    </p>

    <p class='ocr_par' dir='ltr' id='par_1_11' title="bbox 999 1941 1725 2088">
     <span class='ocr_line' id='line_1_63' title="bbox 1004 1941 1725 1990; baseline -0.003 -10"><span class='ocrx_word' id='word_1_383' title='bbox 1004 1955 1080 1984; x_wconf 74' lang='lat' dir='ltr'>teS,</span> <span class='ocrx_word' id='word_1_384' title='bbox 1107 1943 1214 1979; x_wconf 91' lang='lat' dir='ltr'>illum</span> <span class='ocrx_word' id='word_1_385' title='bbox 1240 1941 1490 1990; x_wconf 83' lang='lat' dir='ltr'>Imperatoriis</span> <span class='ocrx_word' id='word_1_386' title='bbox 1519 1943 1698 1978; x_wconf 87' lang='lat' dir='ltr'>acclama·</span> <span class='ocrx_word' id='word_1_387' title='bbox 1721 1960 1725 1962; x_wconf 32' lang='lat' dir='ltr'>v</span> 
     </span>
     <span class='ocr_line' id='line_1_64' title="bbox 999 1990 1716 2041; baseline -0.001 -13"><span class='ocrx_word' id='word_1_388' title='bbox 999 1991 1167 2029; x_wconf 84' lang='lat' dir='ltr'>&#39;tionibus</span> <span class='ocrx_word' id='word_1_389' title='bbox 1209 1992 1529 2041; x_wconf 85' lang='lat' dir='ltr'>prosequebantur</span> <span class='ocrx_word' id='word_1_390' title='bbox 1570 1990 1716 2028; x_wconf 60' lang='lat' dir='ltr'>amen-¹</span> 
     </span>
     <span class='ocr_line' id='line_1_65' title="bbox 999 2041 1700 2088; baseline -0.001 -11"><span class='ocrx_word' id='word_1_391' title='bbox 999 2051 1089 2077; x_wconf 87' lang='lat' dir='ltr'>tem.</span> <span class='ocrx_word' id='word_1_392' title='bbox 1141 2041 1329 2078; x_wconf 77' lang='lat' dir='ltr'>Nunciata</span> <span class='ocrx_word' id='word_1_393' title='bbox 1358 2049 1480 2078; x_wconf 76' lang='lat' dir='ltr'>aurem</span> <span class='ocrx_word' id='word_1_394' title='bbox 1515 2052 1604 2088; x_wconf 87' lang='lat' dir='ltr'>pop.</span> <span class='ocrx_word' id='word_1_395' title='bbox 1626 2041 1700 2077; x_wconf 83' lang='lat' dir='ltr'>Ro-</span> 
     </span>
    </p>

    <p class='ocr_par' dir='ltr' id='par_1_12' title="bbox 999 2089 1701 2138">
     <span class='ocr_line' id='line_1_66' title="bbox 999 2089 1701 2138; baseline -0.001 -13"><span class='ocrx_word' id='word_1_396' title='bbox 999 2091 1098 2126; x_wconf 86' lang='lat' dir='ltr'>mani</span> <span class='ocrx_word' id='word_1_397' title='bbox 1118 2090 1326 2132; x_wconf 86' lang='lat' dir='ltr'>voluntate,</span> <span class='ocrx_word' id='word_1_398' title='bbox 1347 2089 1412 2126; x_wconf 86' lang='lat' dir='ltr'>illo</span> <span class='ocrx_word' id='word_1_399' title='bbox 1430 2098 1506 2138; x_wconf 90' lang='lat' dir='ltr'>que</span> <span class='ocrx_word' id='word_1_400' title='bbox 1523 2099 1597 2126; x_wconf 86' lang='lat' dir='ltr'>tam</span> <span class='ocrx_word' id='word_1_401' title='bbox 1618 2100 1701 2125; x_wconf 89' lang='lat' dir='ltr'>cre-</span> 
     </span>
    </p>

    <p class='ocr_par' dir='ltr' id='par_1_13' title="bbox 993 2139 1725 2662">
     <span class='ocr_line' id='line_1_67' title="bbox 999 2139 1720 2191; baseline 0 -16"><span class='ocrx_word' id='word_1_402' title='bbox 999 2139 1065 2175; x_wconf 90' lang='lat' dir='ltr'>bro</span> <span class='ocrx_word' id='word_1_403' title='bbox 1090 2139 1129 2176; x_wconf 92' lang='lat' dir='ltr'>in</span> <span class='ocrx_word' id='word_1_404' title='bbox 1151 2139 1405 2177; x_wconf 81' lang='lat' dir='ltr'>conuentibus</span> <span class='ocrx_word' id='word_1_405' title='bbox 1422 2140 1594 2179; x_wconf 87' lang='lat' dir='ltr'>clamore,</span> <span class='ocrx_word' id='word_1_406' title='bbox 1621 2143 1720 2191; x_wconf 60' lang='lat' dir='ltr'>non5</span> 
     </span>
     <span class='ocr_line' id='line_1_68' title="bbox 998 2184 1725 2238; baseline -0.001 -15"><span class='ocrx_word' id='word_1_407' title='bbox 998 2188 1061 2224; x_wconf 87' lang='lat' dir='ltr'>abs</span> <span class='ocrx_word' id='word_1_408' title='bbox 1081 2200 1121 2224; x_wconf 90' lang='lat' dir='ltr'>re</span> <span class='ocrx_word' id='word_1_409' title='bbox 1132 2186 1248 2238; x_wconf 90' lang='lat' dir='ltr'>Niger</span> <span class='ocrx_word' id='word_1_410' title='bbox 1267 2186 1468 2235; x_wconf 82' lang='lat' dir='ltr'>persuasus,</span> <span class='ocrx_word' id='word_1_411' title='bbox 1492 2194 1531 2222; x_wconf 91' lang='lat' dir='ltr'>et</span> <span class='ocrx_word' id='word_1_412' title='bbox 1552 2195 1609 2223; x_wconf 83' lang='lat' dir='ltr'>&#39;res</span> <span class='ocrx_word' id='word_1_413' title='bbox 1631 2184 1725 2227; x_wconf 48' lang='lat' dir='ltr'>abir</span> 
     </span>
     <span class='ocr_line' id='line_1_69' title="bbox 997 2235 1717 2283; baseline 0 -12"><span class='ocrx_word' id='word_1_414' title='bbox 997 2235 1174 2273; x_wconf 79' lang='lat' dir='ltr'>facillime</span> <span class='ocrx_word' id='word_1_415' title='bbox 1195 2236 1413 2273; x_wconf 81' lang='lat' dir='ltr'>successuras</span> <span class='ocrx_word' id='word_1_416' title='bbox 1433 2246 1554 2274; x_wconf 80' lang='lat' dir='ltr'>ratus.</span> <span class='ocrx_word' id='word_1_417' title='bbox 1579 2235 1717 2283; x_wconf 33' lang='lat' dir='ltr'>(prae-l</span> 
     </span>
     <span class='ocr_line' id='line_1_70' title="bbox 996 2282 1725 2333; baseline 0 -13"><span class='ocrx_word' id='word_1_418' title='bbox 996 2284 1134 2327; x_wconf 86' lang='lat' dir='ltr'>sertim,</span> <span class='ocrx_word' id='word_1_419' title='bbox 1148 2297 1262 2333; x_wconf 87' lang='lat' dir='ltr'>quum</span> <span class='ocrx_word' id='word_1_420' title='bbox 1280 2283 1446 2320; x_wconf 88' lang='lat' dir='ltr'>Iulianus</span> <span class='ocrx_word' id='word_1_421' title='bbox 1464 2295 1482 2319; x_wconf 83' lang='lat' dir='ltr'>a</span> <span class='ocrx_word' id='word_1_422' title='bbox 1500 2282 1695 2326; x_wconf 80' lang='lat' dir='ltr'>militibus,</span> <span class='ocrx_word' id='word_1_423' title='bbox 1721 2287 1725 2298; x_wconf 83' lang='grc'><em>’</em></span> 
     </span>
     <span class='ocr_line' id='line_1_71' title="bbox 996 2332 1707 2380; baseline 0 -11"><span class='ocrx_word' id='word_1_424' title='bbox 996 2344 1093 2380; x_wconf 87' lang='lat' dir='ltr'>quos</span> <span class='ocrx_word' id='word_1_425' title='bbox 1110 2333 1204 2369; x_wconf 88' lang='lat' dir='ltr'>circa</span> <span class='ocrx_word' id='word_1_426' title='bbox 1229 2333 1265 2369; x_wconf 93' lang='lat' dir='ltr'>se</span> <span class='ocrx_word' id='word_1_427' title='bbox 1284 2332 1454 2374; x_wconf 84' lang='lat' dir='ltr'>habebat,</span> <span class='ocrx_word' id='word_1_428' title='bbox 1484 2332 1707 2380; x_wconf 46' lang='lat' dir='ltr'>negligere&amp;</span> 
     </span>
     <span class='ocr_line' id='line_1_72' title="bbox 994 2380 1709 2429; baseline 0.003 -13"><span class='ocrx_word' id='word_1_429' title='bbox 994 2387 1068 2422; x_wconf 85' lang='lat' dir='ltr'>tur,</span> <span class='ocrx_word' id='word_1_430' title='bbox 1088 2382 1190 2429; x_wconf 83' lang='lat' dir='ltr'>quod</span> <span class='ocrx_word' id='word_1_431' title='bbox 1210 2382 1308 2417; x_wconf 88' lang='lat' dir='ltr'>suam</span> <span class='ocrx_word' id='word_1_432' title='bbox 1328 2382 1374 2418; x_wconf 91' lang='lat' dir='ltr'>de</span> <span class='ocrx_word' id='word_1_433' title='bbox 1392 2381 1564 2429; x_wconf 86' lang='lat' dir='ltr'>pecuniis</span> <span class='ocrx_word' id='word_1_434' title='bbox 1579 2380 1709 2423; x_wconf 71' lang='lat' dir='ltr'>fldem,</span> 
     </span>
     <span class='ocr_line' id='line_1_73' title="bbox 993 2429 1692 2478; baseline 0.003 -14"><span class='ocrx_word' id='word_1_435' title='bbox 993 2429 1148 2466; x_wconf 84' lang='lat' dir='ltr'>minime</span> <span class='ocrx_word' id='word_1_436' title='bbox 1183 2431 1376 2472; x_wconf 53' lang='lat' dir='ltr'>liberarem</span> <span class='ocrx_word' id='word_1_437' title='bbox 1428 2441 1467 2466; x_wconf 87' lang='lat' dir='ltr'>er</span> <span class='ocrx_word' id='word_1_438' title='bbox 1497 2442 1516 2466; x_wconf 78' lang='lat' dir='ltr'>a</span> <span class='ocrx_word' id='word_1_439' title='bbox 1546 2430 1692 2478; x_wconf 81' lang='lat' dir='ltr'>populo</span> 
     </span>
     <span class='ocr_line' id='line_1_74' title="bbox 994 2479 1694 2528; baseline -0.001 -15"><span class='ocrx_word' id='word_1_440' title='bbox 994 2489 1313 2520; x_wconf 87' lang='lat' dir='ltr'>contemneretur,</span> <span class='ocrx_word' id='word_1_441' title='bbox 1331 2490 1507 2528; x_wconf 88' lang='lat' dir='ltr'>tanquam</span> <span class='ocrx_word' id='word_1_442' title='bbox 1525 2492 1545 2515; x_wconf 87' lang='lat' dir='ltr'>a</span> <span class='ocrx_word' id='word_1_443' title='bbox 1561 2479 1597 2516; x_wconf 85' lang='lat' dir='ltr'>se</span> <span class='ocrx_word' id='word_1_444' title='bbox 1615 2487 1694 2515; x_wconf 62' lang='lat' dir='ltr'>em-</span> 
     </span>
     <span class='ocr_line' id='line_1_75' title="bbox 996 2527 1691 2578; baseline 0.004 -16"><span class='ocrx_word' id='word_1_445' title='bbox 996 2536 1037 2562; x_wconf 91' lang='lat' dir='ltr'>to</span> <span class='ocrx_word' id='word_1_446' title='bbox 1062 2527 1272 2575; x_wconf 85' lang='lat' dir='ltr'>principatu</span> <span class='ocrx_word' id='word_1_447' title='bbox 1293 2528 1499 2578; x_wconf 86' lang='lat' dir='ltr'>indignus,)</span> <span class='ocrx_word' id='word_1_448' title='bbox 1525 2528 1691 2565; x_wconf 88' lang='lat' dir='ltr'>animum</span> 
     </span>
     <span class='ocr_line' id='line_1_76' title="bbox 996 2574 1690 2662; baseline -0.001 -49"><span class='ocrx_word' id='word_1_449' title='bbox 996 2575 1039 2660; x_wconf 54' lang='lat' dir='ltr'>gd</span> <span class='ocrx_word' id='word_1_450' title='bbox 1061 2574 1163 2662; x_wconf 52' lang='lat' dir='ltr'>sp&#39;etn</span> <span class='ocrx_word' id='word_1_451' title='bbox 1189 2577 1335 2626; x_wconf 86' lang='lat' dir='ltr'>imperii</span> <span class='ocrx_word' id='word_1_452' title='bbox 1355 2576 1526 2628; x_wconf 80' lang='lat' dir='ltr'>appellit.</span> <span class='ocrx_word' id='word_1_453' title='bbox 1558 2578 1615 2615; x_wconf 79' lang='lat' dir='ltr'>Ac</span> <span class='ocrx_word' id='word_1_454' title='bbox 1630 2583 1690 2626; x_wconf 77' lang='lat' dir='ltr'>pr·-</span> 
     </span>
    </p>

    <p class='ocr_par' dir='ltr' id='par_1_14' title="bbox 1023 2632 1117 2675">
     <span class='ocr_line' id='line_1_77' title="bbox 1023 2632 1117 2675; baseline 0.011 -15"><span class='ocrx_word' id='word_1_455' title='bbox 1023 2632 1079 2675; x_wconf 82' lang='lat' dir='ltr'>tep</span> <span class='ocrx_word' id='word_1_456' title='bbox 1105 2650 1117 2661; x_wconf 92' lang='lat'>.</span> 
     </span>
    </p>
   </div>
   <div class='ocr_carea' id='block_1_10' title="bbox 1696 1761 1748 2552">
    <p class='ocr_par' dir='ltr' id='par_1_15' title="bbox 1696 1761 1748 2552">
     <span class='ocr_line' id='line_1_78' title="bbox 1725 1761 1748 1966; baseline 0 -49"><span class='ocrx_word' id='word_1_457' title='bbox 1725 1761 1748 1966; x_wconf 95' lang='lat' dir='ltr'>    </span> 
     </span>
     <span class='ocr_line' id='line_1_79' title="bbox 1723 1966 1748 2153; baseline 0 -42"><span class='ocrx_word' id='word_1_458' title='bbox 1723 1966 1748 2153; x_wconf 95' lang='lat' dir='ltr'>   </span> 
     </span>
     <span class='ocr_line' id='line_1_80' title="bbox 1723 2153 1748 2265; baseline 0 -108"><span class='ocrx_word' id='word_1_459' title='bbox 1723 2153 1748 2265; x_wconf 95' lang='lat' dir='ltr'>   </span> 
     </span>
     <span class='ocr_line' id='line_1_81' title="bbox 1699 2265 1742 2404; baseline 0 -97"><span class='ocrx_word' id='word_1_460' title='bbox 1699 2265 1742 2404; x_wconf 95' lang='lat' dir='ltr'>   </span> 
     </span>
     <span class='ocr_line' id='line_1_82' title="bbox 1696 2404 1742 2552; baseline 0 -50"><span class='ocrx_word' id='word_1_461' title='bbox 1696 2404 1742 2552; x_wconf 95' lang='lat' dir='ltr'>   </span> 
     </span>
    </p>
   </div>
   <div class='ocr_carea' id='block_1_11' title="bbox 1679 2687 1719 3017">
    <p class='ocr_par' dir='ltr' id='par_1_16' title="bbox 1679 2687 1719 3017">
     <span class='ocr_line' id='line_1_83' title="bbox 1679 2687 1719 3017; textangle 90"><span class='ocrx_word' id='word_1_462' title='bbox 1689 2995 1717 3017; x_wconf 70' lang='grc' dir='ltr'>Η</span> <span class='ocrx_word' id='word_1_463' title='bbox 1691 2954 1697 2964; x_wconf 48' lang='lat' dir='ltr'>e</span> <span class='ocrx_word' id='word_1_464' title='bbox 1693 2794 1719 2862; x_wconf 19' lang='grc' dir='ltr'>λαῷ*</span> <span class='ocrx_word' id='word_1_465' title='bbox 1679 2723 1700 2735; x_wconf 77' lang='lat'>‘.</span> <span class='ocrx_word' id='word_1_466' title='bbox 1701 2687 1704 2692; x_wconf 91' lang='lat'>.</span> 
     </span>
    </p>
   </div>
  </div>
 </body>
</html>
