1707 3029
196 80 261 136 76
384 45 1424 134 HERODIANNI‘HISTORIAE

190 194 388 234 hominum
409 192 686 231 multitudinem
706 206 749 229 ex
771 191 906 229 vicinis
925 191 1140 240 regionibus
1159 193 1370 231 confluxisse
1387 195 1427 232 in
1447 195 1591 237 vrbem,

191 246 343 282 monuit
362 243 486 280 editt«,
517 253 557 279 vt
574 243 614 278 in
639 241 830 285 planitiem
852 243 1035 289 quandam
1058 242 1236 279 iuuentus
1254 243 1422 280 vniuersa
1452 255 1591 280 conue-

153 308 173 340 g
193 297 312 332 niret.-
333 293 431 329 velle
449 292 655 334 affirmans„
677 291 778 328 sicuti
800 290 1082 328 Macedon-icam
1106 292 1396 340 Spartanamque
1414 293 1588 334 habebat,

192 344 246 382 ita
262 343 373 380 etiam
395 342 432 377 in
455 340 650 378 Alexandri
672 340 866 380 honorem,
891 338 1001 386 ipfius
1020 340 1142 377 herois
1162 352 1415 388 cognomento
1438 341 1590 389 phalan-

151 408 173 442 9
192 404 274 441 gem
294 391 524 427 constituere.
575 392 683 426 lubet
705 389 818 436 igitur
835 390 881 435 y)
899 386 1092 425 consistere
1113 387 1270 426 iuuenes
1290 390 1509 430 vniuersos,
1533 402 1612 427 re-⁴

189 442 276 478 lie'co
297 440 520 480 interuallo,
555 448 594 473 vt
623 437 847 485 singulorum
878 447 1036 477 aetatem
1058 437 1326 485 statuumque,
1355 449 1394 475 et
1421 438 1590 484 corporis

125 505 173 530 ιο
189 488 448 526 habitudinem
467 487 622 524 militiae
644 487 814 522 idoneam
835 485 1091 522 confideraret.

1143 489 1190 532 z)
1212 487 1279 523 His
1305 486 1456 523 creditis
1484 487 1592 523 iuue-
1646 512 1647 515 =

189 543 254 576 n‘es
270 550 405 577 onmes,
435 549 475 573 ac
504 534 687 572 verisimili
719 535 780 580 spe
809 535 931 575 ducti,
966 536 1014 571 ob
1050 535 1228 585 insignem
1260 537 1442 575 honorem
1474 535 1589 583 paulo
1611 548 1633 555 ··
1691 534 1693 537 ’

190 599 277 624 ante
293 585 501 622 exhibitum
522 583 704 630 principi,
727 584 963 621 conueniunt
991 585 1205 632 frequentes
1233 597 1302 620 vna
1322 596 1408 621 cum
1428 584 1591 632 parenti·

128 649 169 678 ῃ
191 639 261 673 bus
281 647 393 683 atque
412 629 612 683 germanis,
650 632 753 669 laetis
780 633 1123 682 gratulantibusque
1149 647 1266 670 eorum
1286 633 1372 683 spei.
1419 635 1471 670 At
1497 645 1587 669 vero

187 686 408 723 Antoninus
428 683 588 732 fingulos
608 684 704 719 inter
724 683 760 718 se
781 683 952 719 distantes
971 681 1194 721 circumiens
1204 683 1522 730 contrestansque,
1550 691 1589 718 et

189 735 294 771 aliud
315 732 354 769 in
377 733 450 769 alio
474 733 643 771 laudans,
673 731 915 777 praeteribat:
941 731 1063 769 donec
1082 731 1190 774 illos,
1221 744 1345 779 neque
1363 731 1401 768 id
1424 729 1589 776 animad-

188 793 380 819 uertentes
406 794 526 829 neque
552 780 806 827 expetflantes,
837 779 1037 817 vniuersus
1072 780 1359 819 circumueniret
1394 780 1589 818 exercitus.

126 842 170 868 12
190 834 244 868 Vt
262 843 351 867 vero
375 831 624 866 coniecturam
647 830 738 866 fecit
760 831 832 866 iam
852 829 920 865 effe
950 842 1082 865 omnes
1113 829 1273 867 militum
1308 830 1453 866 suorum
1480 827 1588 865 armis

188 880 380 920 inclusos..
402 879 577 926 quasique
599 878 740 915 retibus
764 879 994 926 implicitos,
1018 877 1096 924 ipse
1115 890 1218 926 quum
1238 891 1350 918 omnes
1368 875 1590 925 cit-cuminis-

180 929 258 978 ρι’,
286 929 439 974 (statim)
462 940 545 963 cum
567 927 629 965 suo
653 927 827 974 praefidio
853 927 893 972 a)
910 927 1076 968 exceffit,
1108 940 1149 963 ac
1167 925 1309 974 iignum
1327 928 1507 964 militibus
1525 926 1592 964 tle-

125 988 166 1026 13
188 979 263 1015 dit:
288 978 351 1026 qui
371 977 487 1013 statim
508 976 603 1015 facto
623 976 788 1024 vndique
813 976 977 1023 impetu,
1002 975 1266 1022 depreheniam
1291 977 1328 1012 in
1349 976 1473 1013 medio
1491 976 1593 1014 iner-

188 1040 284 1063 mem
304 1028 543 1063 iuuentutem
557 1051 567 1068 ‚
600 1027 637 1070 b)
659 1038 902 1074 caeterosque
924 1025 987 1072 qui
1009 1026 1181 1065 aderant,
1219 1036 1349 1073 magna
1369 1025 1481 1062 caede
1497 1036 1592 1060 con-

122 1087 167 1122 ¹4
186 1074 387 1112 trucidant.
439 1078 563 1122 Atque
592 1088 612 1110 e
632 1075 812 1111 militibus
844 1075 906 1113 alii
925 1075 1077 1110 caedem
1105 1085 1250 1110 tantum
1278 1073 1489 1115 faciebant.
1524 1071 1605 1108 alii·

183 1126 217 1169 c)
237 1123 362 1160 foueis
387 1124 604 1171 ingentibus
615 1125 787 1160 cadauera
810 1123 1030 1166 obruebant,
1065 1123 1278 1170 aggestaque
1299 1121 1452 1170 desuper
1469 1123 1587 1160 humo

122 1185 165 1220 ις
184 1174 383 1211 immanem
411 1174 599 1208 tumulum
620 1175 843 1210 excitarunt.
894 1171 1004 1208 Multi
1025 1171 1138 1207 etiam
1167 1169 1208 1207 in
1229 1183 1288 1206 eas
1314 1172 1446 1209 foueas
1477 1171 1587 1209 serni·

184 1221 265 1259 uiui
284 1221 620 1268 protrahebantur,
649 1219 754 1257 mult-i
782 1221 904 1258 adhuc
934 1220 1069 1268 integri
1100 1220 1400 1257 detrudebantur.
1450 1222 1521 1258 Sed
1549 1230 1590 1257 et

123 1269 167 1303 16
186 1270 325 1308 milites
349 1270 521 1307 nonnulli
543 1268 646 1307 fimul
670 1269 871 1316 perierunt.
933 1269 1026 1306 Nam
1062 1268 1126 1316 qui
1165 1267 1340 1315 reliquias
1372 1270 1492 1307 adhuc
1522 1269 1590 1306 ali-

185 1331 276 1368 quas
295 1318 444 1368 spiritus
465 1318 703 1359 retinebant,
740 1330 863 1366 neque
885 1318 1032 1366 penitus
1058 1316 1190 1359 defecti
1213 1329 1319 1355 erant
1337 1318 1496 1359 viribus,
1523 1318 1591 1355 im-

187 1368 305 1417 pliciti
330 1368 590 1415 proruentibus
613 1367 648 1403 fe
668 1367 873 1411 militibus,
906 1379 970 1402 eos
996 1378 1146 1414 quoque
1176 1366 1295 1403 secum
1324 1368 1519 1404 trahebant
1549 1367 1590 1404 in

124 1425 168 1458 17
186 1416 348 1454 foueam.
399 1417 520 1451 Tanta
538 1416 586 1453 est
606 1427 730 1453 autem
750 1416 842 1452 faeta
862 1415 1011 1455 caedes,
1043 1427 1083 1450 vt
1102 1414 1190 1450 riuis
1210 1416 1354 1461 cruoris.
1384 1428 1449 1463 per
1474 1415 1591 1464 plani—

187 1467 277 1502 tiem
310 1465 617 1506 decurrentibus,
655 1477 736 1500 cum
767 1466 887 1501 fauces
916 1463 1013 1510 ipsae
1034 1463 1110 1500 Nili
1143 1462 1336 1512 ingentes,
1377 1476 1455 1502 tum
1482 1463 1589 1502 littus

124 1519 167 1552 18
186 1526 300 1551 omne
319 1514 414 1549 circa
431 1515 557 1550 vrbem
577 1513 866 1560 purpurasceret.
915 1514 1031 1564 Qum
1053 1522 1168 1548 autem
1188 1514 1281 1548 talia
1300 1511 1469 1567 aduersus
1486 1514 1588 1551 illam

184 1565 306 1600 vrbem
326 1562 534 1612 admififflt,
558 1563 640 1599 inde
655 1562 764 1602 mouit
775 1587 789 1604 ‚
813 1572 920 1613 atque
937 1562 1168 1604 Antiochiam
1188 1562 1304 1602 venit..

860 1681 906 1717 X.

185 1741 274 1811 Sed
291 1754 358 1779 non
376 1744 475 1798 longo
492 1741 566 1791 pqst
585 1752 741 1798 ternpore
763 1744 802 1788 d)
817 1743 984 1800 affectans
1007 1743 1164 1781 Parthici
1183 1746 1419 1800 eognom'en3-
1433 1743 1588 1782 famam-

252 1804 323 1840 que
341 1792 505 1828 deurttae
524 1791 568 1827 ad
592 1804 776 1829 orientem
799 1794 1004 1834 barbariae,
1041 1804 1253 1840 quanquam
1279 1806 1318 1828 ιη
1342 1792 1505 1830 altsffima
1527 1806 1590 1841 pa·

148 1854 169 1879 2
184 1854 241 1884 ce,
263 1842 336 1878 tale
359 1841 534 1888 quiddam
554 1841 805 1879 machinatur:
833 1844 908 1880 Dat
927 1842 1050 1879 literas
1070 1843 1115 1879 ad
1134 1853 1258 1892 regem
1278 1842 1496 1881 Parthorum
1513 1845 1588 1881 Ar-

219 1958 266 2004 y)
295 1969 359 2004 per
381 1966 505 1992 certos
522 1955 674 1993 ordines
707 1955 860 2004 disponi

183 2006 355 2046 iuuenes,
368 2004 502 2041 relictis
514 2005 726 2042 intervallis.
741 2007 860 2055 Steph.

231 2059 272 2100 z)
299 2057 426 2101 Qum
441 2053 497 2090 his
519 2055 599 2092 eius
618 2055 794 2102 promiffis
815 2054 858 2092 fi-

185 2103 269 2140 dem
296 2103 451 2140 iuuenes
487 2103 646 2140 vr‘iuerli
677 2104 859 2142 adhibuis-

185 2154 288 2192 sent,
316 2163 355 2187 et
391 2152 488 2200 spem
526 2154 572 2189 de
608 2167 646 2189 re
674 2153 860 2191 verisimili

185 2200 415 2249 concepiffint.
471 2203 510 2236 ln
532 2201 576 2237 iis
596 2214 739 2245 autem,
765 2215 861 2251 quae

186 2252 353 2300 proxime
371 2249 584 2295 sequuntur,
612 2251 861 2289 dicitl'ol.ho-

188 2311 309 2334 noi-em
328 2297 534 2334 exhibitum
554 2301 721 2347 principi,
744 2314 859 2348 quum

189 2359 313 2385 tamen
348 2346 543 2382 dicendum
573 2346 633 2390 iit,
666 2351 860 2386 exhibitum

189 2397 284 2432 Urbi.
334 2394 512 2442 Alioquin
550 2409 627 2432 non
656 2398 716 2438 viu
751 2395 861 2440 πόλιν,

188 2445 249 2482 sed
270 2443 330 2482 τᾶν
356 2441 502 2487 βασιλέα
522 2443 750 2483 scribendum
765 2449 862 2489 esset,

190 2504 230 2531 ct
257 2493 361 2531 ,ω’ταῦ
403 2492 440 2527 in
479 2493 592 2529 αὐτῶν
630 2498 860 2532 mutandum.

191 2542 320 2582 Adde.
356 2540 457 2588 quod
477 2540 574 2586 spem
595 2546 793 2590 concipere
819 2545 861 2581 il-

194 2593 248 2626 los
271 2591 319 2625 ob
343 2590 534 2630 honorem,
563 2589 623 2626 sibi
647 2594 688 2628 ab
714 2594 775 2630 illo
801 2606 863 2629 ex-

194 2640 378 2683 hibitum,
408 2638 546 2687 potius,
574 2651 679 2688 quam
702 2643 749 2680 ob
769 2655 864 2687 eum,

911 1969 1025 2004 quem
1061 1955 1115 1993 illi
1150 1957 1419 2000 exhibuiffent;
1449 1957 1588 1996 rationi

910 2006 1204 2045 consentaneum
1235 2019 1326 2044 erat.
1365 2007 1482 2057 Stepb.
1544 2009 1588 2045 ln

910 2056 1066 2092 Memm.
1091 2068 1245 2104 quoque
1267 2055 1359 2093 cod.
1380 2057 1587 2094 correftum

910 2115 1010 2145 erat,
1045 2105 1230 2146 honorem,
1270 2106 1371 2154 paulo
1388 2116 1474 2142 ante
1493 2106 1586 2143 civi-

909 2154 984 2191 tati
1010 2155 1167 2190 habitum
1187 2168 1210 2190 a
1225 2155 1400 2203 principe.
1451 2155 1543 2203 Sylb.

960 2205 998 2249 a)
1027 2202 1062 2239 sc
1083 2203 1267 2239 subducit.
1320 2203 1438 2250 Steph.

957 2253 995 2297 b)
1020 2262 1058 2288 et
1082 2250 1104 2286 li
1125 2252 1187 2299 qui
1211 2251 1278 2288 alia
1306 2251 1351 2287 de
1371 2250 1473 2288 causa
1501 2250 1588 2288 ade·

911 2311 1005 2342 rant,
1033 2299 1135 2336 omni
1155 2300 1271 2335 caedis
1291 2311 1428 2347 genere
1446 2310 1588 2338 contru-

910 2350 1045 2386 cidant.
1101 2347 1220 2385 Potest
1238 2361 1327 2386 vero
1337 2344 1448 2391 ἄλλως
1467 2361 1505 2386 et
1523 2348 1588 2386 ali·-

912 2408 970 2434 ter
997 2398 1149 2443 exponi.
1208 2397 1328 2444 Steph.

961 2447 994 2494 c)
1030 2447 1156 2483 foveas
1179 2445 1349 2493 ingentes
1369 2445 1585 2490 fodiebant.;

912 2507 950 2533 et
969 2495 1208 2535 attrahentes.
1230 2495 1443 2544 quicunque
1464 2497 1501 2533 in
1515 2506 1584 2534 eo‘-

912 2557 993 2581 rum
1027 2555 1155 2579 manus
1192 2543 1428 2589 incidebant,
1452 2545 1492 2583 in
1525 2557 1585 2582 eas

912 2591 1172 2629 coniiciebant.
1225 2593 1343 2641 steph.

958 2643 999 2688 d)
1023 2653 1137 2692 quum
1155 2641 1342 2682 Parthicus
1368 2641 1492 2682 vocari
1519 2652 1589 2679 cu-
