1748 3017
283 74 361 156 30⁴
483 89 991 150 HER'ODIANr
1046 95 1547 142 HISTORIAE-

277 225 368 253 tem,
393 224 433 248 ac
451 218 662 258 perpetuam
681 209 888 245 libertatern
908 207 1080 256 agricolis
1094 205 1280 243 conceffit.
1317 203 1567 251 Imperatoriis
1585 211 1710 243 aute'm

280 260 554 310 poffeffionibus
573 271 714 295 nomen
737 257 838 294 suurn
859 255 1005 293 inscribi
1027 256 1228 304 prohibuit,
1255 267 1333 290 non
1353 253 1422 290 effe
1441 254 1519 291 illas
1537 254 1708 292 dictitans

279 309 542 359 imperantium
577 307 762 355 proprias,
791 308 823 352 s)
852 305 914 342 sed
941 317 1157 342 communes
1186 305 1438 343 Romanorum
1467 313 1514 339 etv
1534 302 1708 350 publicas‘,

239 349 259 382 4
281 358 474 407 Vectigalia
493 369 641 405 quoque
659 356 796 396 omnia,
823 366 915 400 quae
929 355 973 391 ad
996 353 1262 391 contrahendas
1283 351 1458 398 pecunias
1480 352 1628 396 tyranni
1648 366 1709 390 ex..

278 408 546 452 cogitauerant,
575 407 613 441 in
631 405 829 441 fluuiorum
849 401 950 450 ripis,
971 403 1009 439 in
1029 402 1170 438 vrbium
1191 401 1380 448 portibus,
1408 413 1549 448 perque
1571 399 1647 437 vias
1668 412 1708 439 et

240 491 244 496 .
279 449 436 497 itinera,
483 455 632 503 penitus
663 452 810 493 remilit.
836 453 868 498 t)
893 463 1001 500 atque
1026 452 1066 488 in
1097 451 1282 498 antiquam
1317 449 1529 487 libertatem
1554 461 1705 486 reuoca-

216 496 258 528 15
279 506 344 542 vit.
405 505 451 549 u)
501 504 693 548 Multaque
733 502 824 538 item
873 500 918 536 ad
964 502 1062 538 idern
1109 500 1317 545 exemplum
1365 498 1526 534 sanutus
1561 497 1709 535 videba-

216 537 259 569 ¹5
279 565 352 592 tur.
403 565 485 589 narn
532 562 572 589 et
611 553 791 587 delatores
834 550 922 586 vrbe
957 561 1148 598 exegerat,
1199 560 1238 584 et
1277 546 1402 584 vbiubi
1431 547 1709 589 inuenirentur‚

239 643 243 647 ,
279 601 402 652 puniri
438 603 695 649 imperauerat:
743 611 899 639 canens,
943 599 1052 635 necui
1090 598 1228 633 iniuria
1261 598 1372 645 fieret
1413 607 1477 632 aut
1519 596 1566 632 de
1606 597 1729 633 vanis‘

215 635 260 671 ¹7
278 651 494 688 criminibus
525 651 726 697 periculum
758 648 990 684 conflaretur.
1062 647 1156 696 Ergo
1183 646 1223 682 in
1263 646 1418 683 maxima
1441 644 1709 693 tranquillitate

279 701 352 739 sese
379 699 655 744 beatiffimoque
683 710 800 734 rerum
829 697 919 734 statu
945 696 1107 732 victuros
1139 694 1287 731 senatus
1323 695 1531 743 caeterique
1561 694 1710 741 arbitra-

214 731 258 766 m
279 751 422 786 bantur.
470 747 659 793 Siquidem
689 746 782 782 adeo
803 745 838 782 se
857 745 1086 792 aequabilem
1107 756 1306 792 paremque
1323 743 1476 781 caeteris
1499 743 1710 790 praestabat.

277 811 320 836 vt
339 797 453 834 filium
474 808 625 844 quoque
642 796 713 831 iam
726 793 995 831 adolescentem
1017 794 1055 830 in
1082 795 1200 829 aulam
1221 793 1419 840 palatinam
1436 805 1628 840 nunquam
1647 794 1711 829 ad-

278 846 507 886 duxerit,sed
532 845 625 880 intra
644 845 811 891 priuatos
834 842 992 890 parietes
1011 841 1263 879 continuerit:
1290 842 1335 878 sic
1353 854 1395 878 vt
1412 842 1449 878 in
1472 842 1598 878 ludum
1618 854 1714 888 quo-

277 908 352 944 que
372 895 572 932 literarium
591 904 703 941 atque
721 891 904 947 gymnalia
919 892 966 928 de
987 904 1090 928 more
1109 890 1345 932 itaret,'nihil
1365 891 1518 939 priuatis
1533 890 1713 930 ablimilis:

277 945 571 990 erudireturque,
591 954 629 978 et
654 954 777 978 omma
799 941 954 988 perinde
974 952 1014 978 vt
1035 940 1160 988 quiuis
1174 954 1196 976 e
1212 940 1336 976 medio
1355 941 1576 989 agitaretsx)
1589 951 1713 987 neque

277 995 385 1031 vllam
410 1003 473 1029 aut
483 991 715 1040 tyrannicam
735 1000 798 1028 aut
819 991 979 1026 omnino
1004 989 1277 1038 imperatoriam
1295 1001 1472 1039 pompam
1499 989 1714 1047 ostentaret.

276 1122 481 1204 Qm‘y)
495 1121 533 1157 in
552 1121 619 1156 hac
631 1131 776 1157 morum
794 1119 972 1167 vitaeque
991 1119 1165 1157 modestia
1177 1129 1313 1167 ageret,
1325 1119 1388 1156 soli
1407 1120 1549 1158 scilicet
1565 1119 1730 1168 praeto·'

394 1170 483 1207 riani
505 1169 655 1210 milites,
680 1169 910 1216 praesentem
930 1181 1051 1205 rerum
1082 1168 1342 1204 conditionem
1368 1170 1465 1206 haud
1487 1169 1574 1206 satis
1591 1181 1712 1218 aequo

279 1220 403 1265 animo
425 1219 610 1259 ferentes,
639 1227 803 1253 veterem
832 1218 929 1252 illam
958 1217 1145 1254 licentiam
1178 1217 1365 1253 violenter
1390 1217 1425 1257 se
1454 1219 1604 1266 gerendi
1634 1231 1714 1266 rap-

282 1269 459 1315 tandique
479 1267 619 1308 omnia,
644 1265 872 1303 affectabant.
924 1266 1101 1314 Interque
1118 1265 1202 1301 vina
1223 1277 1260 1301 et
1284 1268 1411 1312 epulas
1438 1265 1587 1303 consilia
1614 1267 1715 1303 inie-

281 1329 372 1354 runt
401 1317 629 1352 Pertinacem
660 1329 680 1352 e
712 1314 836 1351 medio
863 1315 1044 1356 tollendi,
1074 1327 1220 1364 grauem
1249 1313 1332 1361 ipsis
1362 1327 1472 1362 atque
1491 1315 1713 1361 onerosum:

283 1367 511 1413 alterumque
534 1365 613 1401 eius
632 1365 719 1401 loco
739 1364 959 1411 imponendi
981 1366 1087 1401 rebus
1108 1363 1296 1405 Romanis,
1323 1364 1580 1412 indulgentem
1601 1375 1714 1412 atque

241 1401 261 1440 3
284 1415 610 1461 intemperantem.
638 1412 808 1461 nihilque
829 1413 989 1460 denique
1016 1425 1093 1449 non
1122 1412 1297 1448 licentiae
1327 1413 1591 1460 praebiturum.
1644 1414 1716 1461 lgi-

280 1475 341 1500 tur
359 1463 568 1502 confestim,
593 1461 688 1498 haud
712 1462 887 1508 opinato,
914 1462 1055 1499 cunetis
1085 1462 1205 1498 otium
1234 1462 1479 1509 agitantibus,
1506 1461 1643 1498 turbidi
1672 1474 1714 1498 ae

283 1512 466 1553 furentes,
492 1510 639 1547 militari
668 1512 793 1551 cursu,
820 1509 973 1547 meridie
1004 1511 1106 1557 ipso,
1136 1509 1319 1558 protentis
1346 1508 1474 1553 hastis,
1501 1510 1610 1547 nudis
1637 1512 1717 1560 gla-

239 1554 261 1585 4
283 1560 366 1603 diis,
393 1562 610 1608 frequentes
630 1559 674 1595 ad
694 1560 925 1606 imperatoris
947 1561 1052 1596 aedes
1075 1559 1259 1596 feruntur.
1311 1560 1363 1596 Re
1383 1572 1504 1597 autem
1522 1559 1639 1598 subita
1659 1559 1716 1598 in-

280 1610 495 1656 sperataque
514 1612 551 1654 z)
583 1609 769 1656 perterriti
790 1608 1006 1644 cubicularii
1022 1608 1196 1656 palatini,
1224 1609 1326 1654 pauci
1350 1605 1530 1656 pluffiimi&
1557 1621 1596 1646 et
1617 1609 1716 1646 Iner-

283 1671 358 1694 mes
376 1659 520 1694 armatis
551 1657 704 1694 minime
732 1655 802 1692 aufi
823 1657 992 1698 resistere,
1019 1662 1057 1704 a)
1079 1657 1201 1693 relicta
1218 1656 1279 1693 sua
1306 1658 1464 1705 quisque
1482 1658 1641 1695 statione
1659 1658 1735 1708 di-3

241 1697 259 1729 5
282 1707 369 1744 verli
401 1706 461 1742 alii
491 1707 564 1743 alio
592 1705 826 1754 diffiigerunt.
889 1705 995 1742 Pauci
1031 1716 1155 1742 tamen
1191 1719 1233 1742 ex
1265 1707 1503 1749 amiciffimis,
1536 1707 1714 1745 nuntiato

278 1756 440 1793 militum
462 1755 651 1798 concursu,
676 1754 891 1803 persuadere
911 1755 1090 1792 Pertinaci
1110 1756 1351 1800 conabantur,
1370 1757 1422 1794 vti
1440 1756 1528 1806 fuga
1549 1755 1611 1793 libi
1625 1769 1734 1821 ton-X

236 1260 259 1285 2

278 1870 434 1907 dominii
465 1870 545 1906 eius
576 1869 737 1907 securam
767 1869 974 1919 vsurpatio-
1024 1880 1195 1917 patarum
1227 1881 1348 1918 partes
1381 1872 1556 1916 obibant,
1600 1884 1718 1921 quum

275 1934 373 1958 nem.
404 1921 521 1968 Steph.
1023 1920 1226 1968 praesentia
1251 1933 1358 1969 aegre
1377 1922 1543 1966 ferrent„
1567 1935 1606 1959 et
1624 1921 1718 1969 rapi·
1746 1953 1748 1958 .

325 1974 363 2012 s)
398 1969 457 2004 sed
486 1967 735 2005 communiter
761 1979 800 2005 et
825 1968 973 2017 publice
1023 1981 1087 2004 nas
1108 1982 1146 2005 ac
1164 1969 1375 2013 violentias,
1402 1983 1492 2019 quas
1511 1972 1550 2007 in
1570 1976 1731 2018 pracce-'

277 2017 321 2054 ad
350 2019 599 2054 Romanorum
635 2017 830 2066 imperium
859 2020 973 2066 perti·
1022 2019 1136 2054 dente
1155 2019 1351 2066 tyrannide
1370 2019 1718 2062 exercuerant,defi.

276 2080 378 2103 nere.
402 2067 518 2113 Stepla.
1021 2067 1212 2103 derarent:
1237 2067 1323 2104 dum
1351 2068 1415 2105 suo
1438 2069 1592 2116 perdito.
1613 2068 1716 2106 luxui

325 2119 355 2161 t)
384 2126 492 2162 atque
513 2114 550 2151 in
566 2112 758 2161 pristinum
779 2115 909 2153 statum
932 2129 971 2155 et
1019 2128 1057 2152 et
1069 2117 1237 2164 crapulae
1253 2117 1718 2161 vacant,conliliaineunt,

275 2162 476 2201 libertatem
499 2162 643 2200 dimilit.
681 2165 800 2213 Steph.
1019 2162 1116 2201 Pert.
1147 2178 1167 2200 e
1197 2179 1243 2202 m.
1273 2177 1322 2207 t.‚
1349 2189 1387 2195 —
1413 2166 1632 2207 onerosum;
1674 2177 1737 2203 et¹

328 2216 362 2257 u)
391 2224 430 2246 ac
455 2213 556 2258 plura
586 2212 625 2247 in
657 2212 738 2249 suos
765 2213 969 2251 collaturus
1018 2214 1230 2262 quempiam
1250 2215 1474 2260 quaerendi,
1503 2214 1566 2262 qui
1593 2215 1737 2252 omni-⁴

277 2273 355 2297 crat
377 2258 572 2300 beneficia3
593 2271 631 2296 vt
646 2262 792 2307 quidem
814 2262 867 2299 sui
891 2263 967 2299 ani·
1018 2262 1085 2298 bus
1107 2263 1262 2300 solutam
1282 2264 1424 2310 legibus
1443 2262 1618 2300 effrenem
1638 2263 1737 2316 que}¹

277 2310 327 2345 ini
349 2320 561 2355 argumenta
583 2310 702 2351 dabat,
722 2314 779 2347 vel
795 2313 878 2348 suae
898 2325 963 2348 vo·
1014 2310 1205 2347 licentiam
1225 2311 1312 2347 effer
1333 2312 1576 2358 praebiturus.
1596 2314 1714 2359 Steph.
1735 2317 1737 2324 '

277 2360 440 2394 luntatis.
467 2359 580 2405 Steph.
1060 2361 1107 2404 z)
1143 2365 1235 2406 pert.
1276 2362 1506 2407 imperatorii
1542 2361 1713 2405 ministri,

324 2414 365 2450 x)
396 2406 489 2442 nulla
521 2418 594 2452 que
623 2406 659 2441 in
689 2419 727 2443 re
747 2407 873 2445 fastum
902 2420 966 2447 aut
1015 2407 1086 2449 vel,
1115 2409 1178 2456 qui
1203 2409 1324 2456 aliqua
1355 2412 1490 2446 circum
1513 2409 1738 2457 nuperae-l

276 2467 449 2502 pompam
470 2454 741 2502 imperatoriam
758 2457 968 2494 ostentaret.
1014 2469 1091 2492 rem
1115 2455 1311 2493 ministeria
1331 2457 1494 2497 obibant.
1516 2460 1635 2510 Steph.
1716 2455 1737 2492 fl

274 2505 389 2551 steph.
1062 2506 1101 2551 a)
1130 2505 1287 2553 quisque
1307 2495 1739 2557 relietastationeffluae}

312 2554 355 2598 y)
385 2553 511 2593 Quum
531 2563 650 2588 autem
671 2553 707 2589 in
727 2553 792 2588 hac
813 2552 967 2590 felicita·
1013 2552 1077 2590 fibi
1097 2555 1154 2589 vel
1173 2554 1217 2589 ad
1240 2555 1435 2593 atriensem
1461 2558 1620 2599 ianuam,
1648 2559 1710 2594 vel
1730 2546 1739 2597 ᾗ

275 2612 312 2636 re
335 2612 373 2636 ct
396 2603 488 2637 bene
507 2601 710 2647 composito
733 2611 853 2638 rerum
876 2603 964 2639 statu
1013 2602 1057 2638 ad
1077 2603 1191 2638 alium
1219 2607 1429 2651 quempiam
1459 2605 1599 2644 aditum
1629 2603 1729 2644 erat':

273 2648 472 2692 viueretun
499 2651 522 2687 ii
543 2649 609 2687 soli
632 2650 790 2691 milites.
818 2651 882 2697 qui
905 2650 964 2688 sti·
1013 2651 1250 2694 concredita,
1274 2653 1478 2703 fugiebant.
1502 2656 1592 2704 Sylb.
1726 2649 1730 2654 ⁴

1735 2734 1738 2750 l

1084 2751 1103 2760 ο
1685 2758 1697 2763 -
1732 2751 1737 2765 l

1722 2888 1737 2911 ὲ,
