1707 3140
612 135 924 180 LIBER
1006 133 1043 180 Ι.
1516 142 1538 185 3

99 252 185 292 sunt
205 252 399 302 permulta,
423 260 518 298 quae
536 249 578 285 ab
599 247 668 284 illo
698 245 790 284 dista
813 256 925 294 atque
944 242 1152 292 conscripta
1171 243 1216 281 ad
1235 254 1306 280 nos
1326 254 1442 292 vsque
1466 254 1547 291 per.

98 311 296 339 uenerunt.
350 299 455 336 Adeo
485 310 571 334 vero
598 297 750 333 ciuilem
781 294 854 331 sese
881 306 920 330 et
946 294 1182 330 commodum
1209 293 1381 329 omnibus
1410 291 1547 340 princi-

96 364 184 400 pem
205 350 415 398 praestabat,
443 359 484 384 vt
501 345 719 383 adeuntium
741 343 861 381 cuiuis
882 344 1070 380 dexteram
1089 341 1263 390 (placide)
1284 343 1398 382 daret,
1426 342 1545 378 nemi-

98 412 264 448 nemque
291 412 309 435 a
331 398 403 435 suis
421 396 635 434 custodibus
659 394 847 442 prohiberi
877 392 979 430 aditu
1000 403 1208 440 pateretur:
1234 391 1410 438 solusque
1429 392 1543 439 impe.
1565 385 1590 420 6

97 461 262 486 ratorum
284 447 482 495 sapientiae
501 444 658 481 studium
677 455 755 479 non
781 441 903 479 verbis
924 453 988 479 aut
1015 443 1254 479 decretorum
1280 439 1453 482 scientia,
1479 440 1542 478 sed

98 498 280 548 grauitate
307 508 474 537 morum,
511 495 682 540 vitaeque
712 491 947 528 continentia
973 493 1012 534 l)
1052 489 1251 538 vsurpauit.
1299 490 1384 536 Qo
1405 489 1540 527 fafkum
1564 493 1588 526 7

97 548 149 584 est
169 560 209 584 vt
236 558 410 595 magnum
440 544 661 592 sapientium
688 541 853 578 virorum
883 553 1107 588 prouentum
1137 551 1233 576 aetas
1264 537 1325 574 illa
1353 540 1539 576 extulerit.
1598 557 1602 561 v

98 597 234 633 Solent
271 595 370 632 enim
398 595 457 639 m)
505 594 724 641 plerumque
766 590 940 626 homines
985 589 1098 626 vitam
1138 587 1317 636 principis
1354 588 1539 625 aemulari.
1564 588 1584 621 8

100 648 360 694 Qaecunque
380 644 538 693 igiturn)
550 643 592 679 ab
612 641 678 678 illo
698 639 861 677 modeste
879 639 1153 685 atquefortiter
1165 638 1266 674 domi
1280 636 1543 684 forisquesunt
1564 641 1587 675 9

99 695 207 734 cesta,
239 695 463 743 qualemque
484 704 596 739 porro
615 691 652 727 se
681 689 851 726 aduersus
879 689 1041 725 barbaras
1076 688 1269 729 nationes,
1294 685 1544 733 septentrioni

97 735 275 781 iubiefkas
296 743 440 790 solique
462 741 614 781 orienti,
638 739 804 788 geiserit‚
834 750 874 774 ea
904 737 990 774 sunt
1015 737 1218 774 multorum
1246 734 1545 772 doffiffimorum-

98 806 174 842 que
190 792 387 829 hominum
416 789 682 838 comprehensa
705 786 970 824 monimentis:
1002 799 1096 832 quae
1116 798 1204 821 vero
1233 785 1311 833 post
1332 785 1444 821 Marci
1465 785 1544 821 obi·
1571 791 1616 816 10

99 855 180 880 tum
211 855 274 889 per
294 840 498 878 vniuersam
518 851 674 876 aetatem
701 838 774 874 visa
796 836 887 874 mihi
907 836 1105 884 auditaque
1125 835 1223 876 sunt,
1250 835 1434 871 nonnulla
1455 835 1547 871 item

99 890 140 929 in
168 891 401 939 experiundo
431 889 603 937 cognita,
633 898 765 935 vtpote
784 887 824 922 in
858 885 1015 933 publicis
1046 884 1178 922 officiis
1205 883 1547 935 principalibusque

97 941 257 984 versato,
281 953 322 979 ea
339 951 443 978 nunc
467 938 730 976 conscribenda
753 935 908 984 suscepi.

787 1056 851 1094 111.

100 1123 251 1191 Senem
274 1122 344 1160 iam
367 1123 548 1164 Marcum,
572 1132 697 1168 neque
717 1133 838 1159 aetate
857 1121 975 1158 solum
996 1119 1058 1158 sed
1078 1119 1266 1157 laboribus
1284 1117 1412 1157 multis
1431 1119 1548 1157 curis·

167 1186 243 1222 que
272 1172 493 1215 confestum,
518 1172 605 1208 dum
628 1172 666 1207 in
690 1170 893 1207 Pannoniis
914 1181 1052 1217 ageret,
1081 1169 1307 1217 grauiffimus
1328 1171 1361 1214 ο)
1390 1180 1547 1217 repente

98 1222 262 1270 perculit
285 1223 448 1259 morbus.
500 1222 625 1267 Qare
645 1231 762 1267 quum
787 1219 1017 1264 deploratam
1048 1221 1157 1266 plane
1183 1219 1332 1255 salutem
1353 1218 1449 1255 suam
1468 1219 1547 1256 sen·
1568 1231 1594 1255 ι

99 1271 202 1313 tiret,
231 1271 357 1307 anxius
379 1269 553 1307 videlicet
573 1271 714 1319 agebat,
735 1282 782 1306 ne
802 1267 914 1309 filius,
935 1269 998 1315 qui
1020 1278 1099 1305 tum
1120 1269 1273 1315 primam
1303 1268 1436 1304 inierat
1460 1269 1546 1304 ado·
1569 1277 1589 1316 3

98 1319 335 1362 lescentiam,
361 1319 437 1356 siue
456 1320 586 1356 aetatis
620 1318 768 1355 feruore
786 1318 918 1359 nimio,
945 1317 1020 1354 siue
1039 1318 1190 1354 licentia
1210 1318 1365 1364 quadam
1395 1317 1546 1360 summa,

98 1381 210 1417 quam
235 1369 274 1406 in
301 1369 462 1406 orbitate
483 1370 569 1405 eli'et
595 1368 802 1408 habiturus,
830 1365 938 1404 bonis
957 1366 1095 1403 artibus
1117 1366 1318 1414 studiisque
1330 1368 1373 1416 p)
1396 1366 1548 1408 reliffis,

100 1419 272 1456 ebrietati
301 1418 373 1456 sese
393 1429 433 1455 et
453 1419 621 1466 crapulae
643 1418 809 1454 dederet.
858 1417 1010 1464 (Quippe
1027 1416 1135 1452 facile
1160 1415 1310 1465 ingenia
1336 1416 1546 1453 adolescen-
1568 1429 1590 1465 4

101 1468 193 1505 tium
215 1481 232 1503 a
254 1468 351 1505 resta
370 1468 595 1516 honestaque
616 1466 807 1512 disciplina
835 1467 880 1502 ad
901 1467 1028 1502 luxum
1058 1466 1346 1513 voluptatesque
1372 1465 1549 1503 delabun-

55 1525 62 1529 '
99 1528 172 1554 tur.
223 1518 406 1554 Terrebat
435 1517 586 1565 insuper
614 1516 804 1552 bominem
831 1518 878 1563 q)
904 1515 1060 1551 minime
1079 1515 1314 1562 imperitum,
1344 1516 1548 1551 multoeum
1572 1525 1593 1560 ς

101 1568 281 1604 memoria
313 1567 538 1615 principum,
567 1566 630 1614 qui
650 1565 808 1602 iuuenes
825 1564 1024 1613 imperium
1048 1563 1292 1611 suscepissent,
1317 1575 1358 1600 vt
1377 1563 1550 1613 Dionysii

100 1615 248 1654 Siciliae
267 1615 439 1665 tyranni,
467 1617 572 1653 cuius
603 1626 704 1651 tanta
724 1614 800 1651 fuit
829 1613 1114 1662 intemperantia
1142 1613 1280 1656 vifius,
1307 1625 1349 1649 vt
1367 1626 1551 1661 noua-rum

99 1666 345 1712 voluptatum
359 1665 577 1703 inuentores
593 1664 745 1702 summis
758 1663 914 1701 afficeret
935 1663 1125 1711 praemiis:
1151 1674 1190 1699 vt
1212 1664 1301 1700 item
1320 1675 1463 1706 eorum,
1485 1663 1550 1712 qui
1571 1668 1594 1702 6

100 1714 315 1753 Alexandro
340 1715 599 1752 successerunt.
651 1714 702 1751 ita
719 1714 819 1749 enim
849 1712 1125 1750 contumeliose
1150 1712 1412 1760 violenterque
1432 1712 1550 1749 domi-

101 1763 181 1801 nati
213 1763 319 1803 sunt,
354 1777 396 1802 vt
424 1764 523 1801 illius
553 1762 714 1811 imperio
746 1775 858 1812 graue
878 1762 1038 1800 dedecus
1062 1760 1311 1800 conciliarint.
1358 1762 1550 1812 Siquidem
1570 1773 1595 1808 7

101 1815 342 1863 IJtolemaeus
361 1827 407 1851 eo
420 1814 665 1861 turpitudinis
677 1812 865 1861 prolapsus
880 1811 941 1852 est,
961 1823 1002 1848 vt
1020 1823 1149 1848 contra
1165 1812 1416 1848 Macedonum
1437 1823 1551 1860 atque

101 1863 196 1899 adeo
208 1864 441 1901 Graecorum
459 1862 627 1900 omnium
649 1863 762 1910 leges,
788 1860 897 1899 etiam
917 1861 1066 1899 sororiis
1080 1861 1266 1898 amoribus
1287 1859 1554 1908 implicaretur.

101 1911 319 1960 Antigonus
338 1925 475 1956 aurem,
495 1925 574 1962 quo
587 1912 762 1949 Liberum
785 1923 927 1960 patrem
943 1919 1007 1959 per
1018 1911 1135 1946 omnia
1155 1909 1455 1958 repraesentaret,
1483 1924 1555 1959 pro

104 1960 216 1998 causta
236 1974 274 1999 et
294 1962 503 1999 diademate
529 1961 802 2002 Macedonico,
829 1960 999 1997 hederam
1030 1958 1145 2007 capiti
1167 1959 1420 2002 circumdare,
1448 1961 1552 2009 thyr-

104 2010 258 2057 sumque
286 2023 352 2058 pro
383 2011 530 2059 sceptro
556 2011 693 2060 gestare
722 2010 772 2046 est
792 2009 934 2046 solitus.
983 2009 1230 2046 Solicitabant
1257 2009 1424 2046 animum
1452 2008 1551 2046 senis
1574 2017 1597 2050 8

105 2060 270 2096 recentia
299 2071 454 2108 quoque
470 2060 659 2108 exempla,
683 2069 724 2095 vt
743 2058 908 2096 Neronis
936 2056 1060 2107 ipsius,
1088 2058 1152 2106 qui
1170 2070 1221 2094 ne
1242 2070 1262 2094 a
1280 2069 1443 2096 materna
1469 2058 1552 2108 qui·
1573 2070 1598 2105 9

150 2176 188 2222 Ι)
221 2175 409 2219 Sancivit,
455 2176 514 2212 vel
557 2171 804 2212 confirmavit.

99 2225 220 2273 Steph.

148 2277 200 2321 m)
226 2275 378 2323 Semper
404 2274 506 2310 hom.
536 2273 653 2322 Steph-

150 2327 190 2371 n)
218 2326 355 2372 Qaec.
376 2323 425 2373 ig.
444 2324 488 2358 ab
508 2322 572 2360 illo
592 2320 743 2360 fortiter
765 2331 805 2359 et

105 2374 294 2411 moderate
305 2372 400 2420 gesta
420 2372 514 2415 sunt,
526 2372 676 2418 (quibus
689 2371 804 2420 impe-

103 2424 240 2460 ratoria
277 2433 341 2459 aut
381 2422 501 2458 civilis
537 2420 628 2458 inest
656 2421 807 2468 virtus‚)

103 2483 178 2509 tam
199 2471 368 2509 adversus
391 2484 467 2513 eos,
493 2471 557 2518 qui
580 2471 805 2519 septentrio-

101 2523 205 2559 nales
220 2533 337 2558 terrae
353 2531 472 2568 partes
493 2520 682 2561 incolunt,
696 2532 806 2567 quam

107 2584 187 2614 eos,
201 2570 264 2619 qui
287 2570 351 2607 sub
364 2569 510 2606 oriente
523 2569 668 2619 degunt
679 2570 806 2606 barba-

106 2632 180 2662 rea,
203 2633 242 2657 ea
261 2619 344 2656 sunt
362 2621 469 2656 mult.
480 2630 619 2663 etc.,ut
630 2618 807 2656 videlicet

104 2669 260 2717 legatur,
273 2674 318 2706 τὰ
328 2668 466 2715 aiem-qiu
485 2677 546 2712 τῆς
557 2678 622 2712 ’γῆς
630 2675 712 2714 μέρη
722 2674 806 2714 βαρ-

100 2724 231 2767 βάρους
256 2720 504 2761 κατοικοῦντας.
541 2717 745 2770 SedbPolit.
765 2717 809 2756 il-

854 2174 906 2210 las
925 2185 982 2210 res
1003 2173 1114 2223 gestas
1135 2174 1180 2210 ab
1202 2173 1260 2212 his
1278 2175 1432 2221 separat,
1454 2176 1557 2225 quast

853 2222 1061 2271 legeretur,
1087 2222 1142 2268 καῆ
1161 2221 1226 2263 ὅσα
1243 2220 1325 2272 πςὸς
1345 2240 1385 2263 τε
1410 2227 1490 2270 τούς
1509 2231 1556 2265 τὰ

852 2272 953 2320 εἰρκτ.
997 2273 1117 2323 Stepb.

900 2340 937 2384 v)
962 2337 1079 2388 gravis
1094 2337 1240 2376 invadit
1250 2341 1414 2377 morbus.
1435 2340 1555 2390 Steph.

899 2404 941 2452 p)
966 2402 1120 2447 reieflis,
1145 2415 1210 2443 aut
1230 2406 1390 2453 repulsis,
1415 2407 1473 2443 vel
1493 2421 1557 2444 ex-

853 2466 894 2539 ιὲι
919 2467 974 2540 12.
1013 2465 1058 2491 ut
1100 2467 1219 2505 equus
1244 2452 1352 2493 frena
1397 2458 1554 2495 excutit.

881 2512 936 2553 tep
966 2530 974 2540 .

904 2571 943 2616 q)
962 2568 1160 2606 multarum
1174 2581 1295 2607 rerum
1307 2569 1485 2618 peritum,
1496 2571 1559 2609 vel.

856 2618 1053 2656 multarum
1087 2619 1321 2657 historiarum
1351 2633 1453 2668 per„
1492 2620 1556 2659 seu

855 2668 1016 2767 Eutlyzum
1067 2669 1109 2708 in
1157 2668 1308 2707 historia
1361 2669 1557 2709 versatum.
