1707 3029
528 142 533 148 s
654 69 1117 128 ERVDITO

314 162 395 217 AC
426 173 706 231 GQENERIS
745 181 1055 234 PROSAPEA
1093 180 1473 224 SPECTABILI

428 270 494 319 D.
534 271 953 324 EVERHARDO
998 290 1065 323 DE
1094 273 1364 350 *WEEDE

780 386 809 422 1.
854 388 901 423 V.
954 388 1003 426 D.

835 469 872 505 S.
919 470 958 506 P.

279 558 427 597 uamuis
447 558 522 599 hoc
540 557 733 600 saeculum
752 560 954 615 praesens,
983 565 1132 604 Doftor
1149 564 1477 611 Praestantiffime,
1507 566 1615 606 omni

311 613 523 654 litterarum
541 615 729 655 refertum
755 632 906 671 genere
921 648 942 664 ,.
959 619 1056 658 nihil
1076 622 1212 674 legere
1238 621 1390 674 gestiat,
1412 621 1488 660 'nifi
1511 621 1618 674 quod

187 668 406 717 expolitum
425 671 472 708 ab
496 673 603 710 omni
617 684 729 723 parte
749 687 793 712 ac
812 672 1015 714 disertum:
1047 687 1177 715 tamen
1195 690 1300 715 meas
1325 679 1618 730 qualescunque

185 725 338 762 notulas
363 737 501 765 tenues
522 741 565 766 ac
588 727 777 778 simplices
796 730 976 770 audacter
1002 746 1024 770 e
1046 732 1202 772 latebris
1222 733 1385 771 extraho
1399 764 1412 784 ‚
1461 734 1538 785 (eo)
1574 735 1641 773 itr-

187 777 383 828 publicum
399 783 548 821 emitto.
607 786 911 836 Sper03ete11im,
938 785 1131 826 foeturam
1148 787 1316 828 nostram
1339 801 1387 827 eo
1407 789 1618 841 gratiorem

184 835 381 886 plerisque
422 835 584 877 futuram
598 870 607 887 ‚
664 854 740 892 quo
777 843 1097 882 'commendatior
1142 845 1400 894 praemittitur
1436 845 1618 895 parariuS.

187 889 386 942 Quidquid
408 891 468 941 fit,
500 896 574 933 erit
594 893 728 934 saltem
751 898 850 950 grati
876 899 994 937 animi
1008 929 1017 947 ‚
1048 913 1092 937 ac
1113 901 1256 938 veteris
1276 900 1481 947 amicitiae,
1520 914 1619 940 nun-

186 958 303 996 quam
325 947 574 999 interitu1·ae‚
603 952 705 1002 apud
724 964 763 991 te
784 953 1012 1005 depofitum.
1071 955 1276 994 Gratanter
1294 955 1426 1008 itaque
1441 955 1517 995 hoc
1536 969 1619 995 mu·

187 1003 411 1049 nusculum,
441 1005 562 1060 longe
585 1008 656 1047 tuis
678 1010 827 1050 meritis
847 1011 996 1062 impar,
1042 1007 1192 1063 suscipe
1223 1011 1268 1050 ab
1295 1024 1366 1060 eo,
1414 1011 1482 1064 qui
1512 1022 1618 1052 totus

187 1066 276 1097 tuus
299 1069 340 1097 et
358 1058 486 1100 officio
515 1074 556 1102 et
581 1062 733 1103 affeetu.

1298 1121 1340 1161 P.
1366 1121 1523 1160 VOET.

632 1216 863 1256 LECTORI
913 1218 1182 1258 SALVTEM.

297 1299 430 1339 Habes
455 1316 504 1342 ex
522 1304 618 1343 meis
642 1306 679 1344 in
703 1306 971 1347 Herodianum
997 1307 1329 1360 praelefflonibus
1359 1306 1624 1347 obser-uatium·
1686 1307 1687 1330 ³

189 1354 310 1403 culas,
351 1357 487 1407 quibus
518 1359 638 1400 demfi
667 1361 951 1404 diss'ertationes
983 1365 1109 1403 omnis
1137 1365 1321 1416 generis,
1374 1377 1446 1415 pro
1475 1364 1622 1415 pulpito

189 1419 273 1448 tum
295 1422 481 1465 temporis
503 1413 671 1456 insertas.
730 1418 827 1459 Istae
845 1433 934 1459 meo
956 1420 1097 1461 iudicio
1118 1419 1273 1467 faciles,
1307 1432 1408 1472 quae
1429 1431 1506 1470 que
1528 1421 1623 1457 citra

186 1465 371 1506 iudicium
412 1471 475 1509 vel
508 1484 529 1508 a
548 1472 744 1523 quibusvis
778 1476 907 1528 colligi
940 1490 983 1514 ae
1013 1475 1160 1514 corradi
1187 1473 1350 1527 possunt.
1423 1476 1624 1514 Gramma-

186 1521 280 1570 tica,
304 1523 475 1577 linguam
497 1528 684 1568 Graecam
713 1528 938 1581 spectantia,
977 1543 1017 1571 et
1038 1531 1131 1570 ideo
1149 1530 1340 1577 resecaui,
1382 1531 1470 1581 quia
1496 1531 1624 1569 minus

186 1589 349 1629 accepta
370 1590 411 1618 et
430 1593 545 1633 grata.
621 1588 793 1625 Textum
810 1591 1003 1627 Graecum
1024 1590 1222 1640 integrum
1233 1587 1402 1639 imprimi
1419 1583 1617 1634 curaffem,

187 1631 256 1672 nisi
276 1635 461 1686 Stephani
481 1638 674 1679 editiones
696 1643 872 1682 omnium
892 1655 1112 1682 tererentur
1138 1643 1330 1692 manibus,
1361 1642 1497 1693 quibus
1515 1652 1625 1681 meos

188 1701 376 1730 numeros
414 1697 614 1734 contextui
642 1699 791 1737 Graeco
812 1697 1037 1751 praemissos
1067 1699 1254 1752 adaptaui.
1332 1700 1442 1738 Prior
1470 1697 1626 1737 inuesti-

186 1746 295 1796 ganti
317 1745 533 1799 designabit
551 1754 711 1805 paginas
733 1754 916 1794 editionis
939 1756 979 1793 in
998 1755 1152 1802 ostano,
1183 1755 1370 1806 Posterior
1401 1755 1444 1792 in
1472 1764 1625 1807 quarto.

186 1801 374 1853 Quisquis
397 1815 440 1843 es
463 1805 570 1846 hisce
591 1810 765 1849 leuiculis
785 1812 927 1851 leuiter
949 1810 1081 1850 fruere
1100 1842 1109 1860 ‚
1151 1810 1246 1850 saue
1277 1824 1320 1851 ac
1339 1810 1436 1850 vale.

548 1901 779 1941 LECTORI
813 1904 1016 1945 EDITOR
1053 1904 1168 1942 NOV
1178 1905 1254 1944 VS.

294 1988 341 2025 In
362 1992 493 2028 recuso
524 1989 598 2029 hoc
627 1991 761 2032 libello
799 1992 1007 2033 necefl'ario
1035 1994 1268 2034 mutauimus
1306 2007 1491 2047 numeros
1515 1994 1628 2035 initio
1688 2028 1689 2038 1

186 2035 363 2081 sectionis
388 2045 591 2093 Notaeque
621 2050 828 2100 cuiusque,
860 2061 898 2088 vt
930 2049 1081 2089 nostrae
1096 2050 1259 2090 editioni
1274 2061 1383 2102 aptus
1403 2049 1508 2100 effer,
1545 2062 1627 2090 tum

184 2096 276 2134 vitia
306 2110 486 2150 typorum
517 2099 750 2151 sustulimus,
794 2118 908 2156 porro
947 2108 1067 2145 Notas
1108 2103 1397 2146 interseruimus
1430 2107 1546 2146 modo
1576 2105 1625 2145 ad

188 2161 223 2197 Ι,
242 2163 350 2205 Πη4,
382 2165 422 2194 et
447 2168 479 2202 1,
494 2169 560 2208 12,
583 2170 663 2206 12„
696 2159 760 2200 sed
783 2163 867 2200 loca
886 2158 1117 2214 scriptorum
1143 2176 1227 2201 non
1247 2163 1514 2214 expleuimus‚
1554 2159 1625 2200 nifi

186 2205 308 2246 statim
330 2210 375 2248 ad
398 2225 530 2253 manus
551 2214 695 2266 efflent,
726 2214 862 2256 additis
875 2228 955 2256 tum
975 2219 1077 2257 vncis
1110 2219 1126 2266 (
1153 2219 1196 2270 ),
1231 2231 1327 2270 quos
1346 2231 1386 2257 et
1405 2219 1444 2257 in
1457 2215 1624 2256 Iud-de·

186 2261 334 2312 dimus,
363 2280 448 2305 cum
467 2269 604 2309 ordine
624 2273 933 2323 elementorum,
984 2285 1063 2312 tum
1096 2275 1254 2314 Graecis
1286 2288 1308 2312 a
1336 2277 1416 2312 Lat.
1445 2270 1624 2324 separatis

185 2318 327 2357 melius
349 2322 570 2376 constituto,
601 2329 716 2366 etiarn
739 2327 844 2367 forte
863 2342 936 2381 per
954 2330 1062 2369 aliam
1082 2326 1412 2381 perspicuitatem,
1443 2326 1514 2367 suis
1545 2338 1625 2379 que

186 2371 239 2411 de
275 2376 387 2416 caulis
420 2392 523 2420 nunc
550 2384 678 2435 potius
718 2384 823 2422 edito
846 2415 855 2432 ,
910 2398 1026 2436 quam
1066 2398 1153 2424 cum
1193 2383 1329 2423 nostris
1367 2383 1478 2424 Indd.
1517 2382 1624 2424 olim.

186 2427 296 2471 Plau.
322 2430 360 2472 d.
380 2445 416 2475 2.
438 2439 539 2490 Aug.
557 2450 877 2481 eiornccnxxxr.

624 2585 1139 2611 *wo——
1610 2593 1621 2611 ν
