1707 3029
400 115 905 163 HERODIANI
957 115 1448 164 HISTORIA-E

153 224 259 262 stuofi
280 225 499 273 impatiens,
526 228 714 263 laborante
734 226 870 273 pariter
891 226 994 262 omni
1015 227 1198 272 exercitu,
1234 227 1462 275 maximeque
1492 227 1600 277 Illy«

98 312 102 313 ⁷
155 274 320 315 ticianis,
355 276 418 319 qui
452 276 602 313 humido
632 276 872 324 hybernoque
900 276 999 311 caelo
1027 276 1185 319 insueti;
1223 276 1588 326 largiusque-cibum

115 328 135 367 3
156 322 322 370 mosesuo
343 326 549 370 capientes,
577 325 762 361 lethaliter
786 324 1046 370 aegrotabant:
1085 326 1205 362 redire
1231 326 1468 362 Antiochiam
1498 338 1588 362 con·

158 371 277 408 stituit
299 375 352 419 f)
374 375 497 409 act-itis
521 375 628 409 etiam
649 386 691 409 eo
713 373 904 414 militibus,
930 373 992 421 qui
1013 375 1199 410 montium
1225 386 1348 410 tamen
1365 385 1476 422 atque
1494 375 1588 422 hye-

114 430 138 465 4
159 423 226 457 mis
250 422 442 468 asperitate
455 424 500 469 g)
519 423 657 463 attriti,
685 422 897 468 pauciffimis
918 433 1063 459 tantum
1083 424 1233 471 reliquis
1247 448 1257 465 ,
1285 425 1484 470 perierant.
1514 424 1590 460 Co·

156 471 235 516 pias
259 482 379 507 autem
399 484 486 517 quas
509 472 627 507 secum
639 471 845 506 Alexander
857 471 1023 513 habebat,
1048 472 1284 508 Antiochiam
1307 471 1466 513 reduxit,
1493 471 1590 516 mule·

158 520 207 553 tis
229 520 313 555 inde
334 532 482 566 quoque
501 521 638 556 amillis.
692 523 815 566 Quare
837 532 1005 568 magnum
1037 521 1210 557 exercitui
1240 533 1470 562 moerorem,
1513 531 1590 556 ma-

158 579 270 613 gnum
291 569 500 604 Alexandro
523 569 681 605 dedecus
700 581 740 604 ea
762 580 815 603 res
837 568 983 604 attulit:
1008 581 1122 617 quum
1145 570 1282 605 scilicet
1299 569 1475 605 omnibus
1495 567 1589 604 locis

156 616 308 652 fortuna
329 618 426 653 illius
446 618 632 654 confilium
664 616 854 654 fefellerit.
921 618 1112 665 Siquidem
1142 618 1291 665 plurimi
1319 631 1339 653 e
1367 616 1501 664 triplici
1520 617 1590 652 illo

158 665 323 701 exertitu
346 667 408 711 (ita
437 679 595 712 namque
615 668 651 712 b)
672 666 922 709 distribuebat)
945 666 1134 703 desiderati
1148 668 1249 707 sunt,
1278 665 1426 704 diuersis
1439 665 1592 703 calami-

114 719 137 754 ς
159 716 319 756 tatibus,
347 718 498 756 morbo,
523 718 639 757 term,
665 715 808 764 frigore.
858 717 906 750 Vt
932 728 1019 751 vero
1042 716 1279 752 Antiochiam
1310 716 1484 762 peruenit
1499 715 1590 751 Ale-

157 765 315 804 xander,
340 764 449 798 facile
468 776 504 799 et
525 765 601 810 iple
627 764 840 801 conualuit,
867 765 995 810 spiritu
1015 766 1081 801 illo
1105 765 1217 805 caeli.
1256 776 1294 801 et
1321 777 1494 812 aquarum
1526 763 1591 799 ab-

159 813 307 847 undatia
330 813 405 857 post
428 814 606 848 aestuosos
618 813 915 859 Mesopotamiae
934 814 1072 849 calores
1092 814 1264 855 refestus,
1297 826 1334 851 et
1355 813 1493 850 milites
1503 811 1590 848 vni-

159 861 280 896 versos
300 863 500 903 recreauit,
528 864 738 898 contolatus
759 862 868 898 etiam
888 861 1108 898 moestitiam
1126 863 1274 898 illorum
1296 864 1465 909 pecuniis
1493 863 1589 897 elat-

119 909 141 942 6
160 909 318 955 giendis.
367 911 401 944 id
424 913 518 945 enim
541 912 656 948 solum
675 913 798 947 valere
829 911 914 958 adi)
935 911 1189 946 conciliandos
1203 912 1364 948 militum
1377 911 1518 947 anim'os
1532 922 1589 946 ar-

121 958 194 1000 7bi
216 959 371 994 rabatur.
446 960 580 1005 Copias
612 971 734 996 autem
762 959 993 1000 instaurabat,
1035 961 1403 1007 comparabatquede
1423 961 1590 1008 integro,
1620 966 1622 968 '

157 1008 252 1054 quali
272 1007 406 1043 iterum
426 1008 463 1043 in
486 1009 606 1045 Persas
628 1009 826 1046 exercitum
849 1007 1094 1050 deducturus,
1142 1007 1166 1044 fi
1197 1009 1338 1044 molesti
1369 1007 1436 1045 esse
1467 1020 1595 1055 perge-

114 1062 134 1093 8
155 1068 261 1095 rent,
289 1068 412 1101 neque
430 1059 474 1092 ab
498 1058 628 1094 iniuria
649 1058 867 1095 desisterent.
933 1057 1005 1092 Sed
1032 1068 1071 1092 et
1103 1058 1179 1093 Rex
1210 1057 1393 1094 Persarum
1427 1057 1594 1095 dimisisse

85 1132 93 1140 ‚
113 1113 134 1146 9
154 1103 291 1139 milites
313 1106 409 1140 suam
433 1119 609 1151 quemue
631 1108 784 1144 domum
804 1106 1056 1143 nuntiabatur⁴
1106 1118 1191 1141 nam
1209 1107 1377 1155 quamuis
1408 1106 1506 1142 bello
1536 1105 1594 1143 su-

151 1153 313 1199 periores
338 1153 441 1190 fuisse
463 1151 601 1190 barbari
622 1157 859 1197 viderentur,
902 1166 1026 1191 tamen
1058 1155 1201 1201 praeliis
1233 1154 1369 1192 crebris
1395 1155 1432 1191 in
1465 1154 1592 1197 Media¹

155 1202 376 1249 Parthiaque
397 1203 501 1251 gestis
523 1217 600 1250 pars
619 1205 852 1244 ceciderant,
879 1204 940 1240 alii
973 1204 1090 1240 attriti
1123 1214 1160 1239 et
1190 1204 1298 1240 saucii
1324 1203 1593 1250 superfuerant.

88 1260 132 1285 ιο
153 1249 191 1290 k:
221 1252 353 1297 Neque
375 1252 475 1287 enim
500 1252 656 1300 segniter
678 1253 832 1289 Romani
854 1253 1009 1291 deuic'ti,
1036 1247 1097 1287 sed
1128 1252 1189 1298 ipfi
1214 1251 1369 1300 'quoque
1398 1253 1590 1290 interdum

153 1299 298 1335 exitiosi
324 1299 508 1336 hostibus:
535 1303 710 1348 nullaque
730 1303 820 1338 adeo
842 1315 879 1337 re
909 1301 1020 1348 magis
1055 1300 1246 1347 perierunt
1273 1315 1382 1348 quam
1410 1302 1592 1349 quoniam

88 1358 129 1383 ιι
156 1351 347 1395 pauciores
368 1349 594 1395 deprehensi.
642 1352 738 1386 Nam
755 1363 869 1398 quum
894 1350 972 1386 fere
1002 1362 1063 1396 par
1084 1352 1259 1395 vtrinque
1286 1363 1461 1387 numerus
1492 1351 1593 1387 ceci-

154 1396 258 1433 diffet
272 1424 281 1439 ,
301 1398 475 1445 reliquiae
497 1398 581 1435 illae
602 1401 835 1435 barbarorum
854 1412 936 1434 non
960 1397 1109 1445 quidem
1130 1398 1236 1435 fuisse
1264 1399 1402 1434 viribus
1430 1399 1593 1445 superio-

88 1455 131 1482 η
153 1459 232 1486 res,
260 1446 319 1481 sed
339 1459 515 1487 numero,
544 1447 778 1484 videbantur.
828 1449 855 1493 l)
880 1447 1066 1484 Cuiusrci
1085 1459 1342 1493 argumentum
1370 1447 1443 1491 est,
1486 1448 1592 1496 quod

152 1495 383 1531 triennio
412 1509 496 1531 mox
523 1508 585 1532 aut
605 1498 939 1545 quadriennio
978 1496 1114 1532 barbari
1147 1509 1379 1542 nequaquam
1407 1509 1501 1533 arma
1533 1511 1591 1534 re·

86 1553 129 1592 ¹3
155 1543 397 1589 sumpserunt.
461 1546 610 1585 Quibus
641 1546 839 1583 intellectis
860 1546 1069 1581 Alexander
1082 1545 1305 1581 Antiochiae
1336 1547 1593 1582 commoraba-

150 1602 233 1632 tur.
262 1592 482 1640 hilariorque
515 1596 583 1631 iam
603 1607 641 1632 et
664 1595 835 1638 liberior,
870 1596 1000 1632 laxatis
1021 1594 1201 1631 bellorum
1228 1594 1345 1637 curis,
1387 1595 1486 1633 vrbis
1511 1595 1592 1634 eius

148 1640 293 1678 deliciis
319 1642 546 1692 indulgebat.
1451 1652 1453 1654 ’

162 125 260 158 102

815 1767 864 1805 Vl
869 1769 894 1805 ἶ.

146 1845 372 1916 Enimuero
394 1861 548 1896 putante
569 1851 632 1888 illo
654 1854 702 1898 m)
729 1862 810 1888 tum
835 1851 1029 1900 quieturos
1049 1849 1196 1893 Persas,
1228 1861 1289 1888 aut
1307 1850 1393 1888 sane
1427 1852 1590 1892 multum

240 1898 345 1947 spatii
367 1913 568 1948 moraeque
591 1901 871 1938 intercessurum
890 1901 1103 1949 priusquam
1124 1901 1331 1938 exercitum
1357 1901 1403 1939 de
1441 1902 1590 1952 integro

931 2016 969 2062 h)
998 2016 1133 2062 Aptius
1154 2016 1400 2065 distribuerat,
1426 2029 1467 2056 vt
1477 2019 1590 2056 etiam

889 2066 965 2102 Pol.
994 2063 1161 2111 scripsisse
1182 2076 1286 2113 puto.
1313 2067 1430 2114 steph.

934 2115 965 2160 i)
993 2114 1310 2158 reconciliandos,
1353 2117 1497 2153 Memm.

939 2162 978 2208 k)
1007 2165 1095 2200 Non
1117 2164 1214 2199 enim
1229 2165 1330 2199 nullo
1353 2163 1591 2203 fortitudinis

187 2014 242 2062 f)
269 2027 448 2052 reuocato
496 2016 608 2054 etiam
655 2030 677 2054 e
713 2017 839 2054 Media

142 2064 331 2105 exercitu,
378 2067 517 2101 Memm.
680 2071 684 2077 ‘

187 2116 232 2162 g)
261 2116 388 2156 Longe
407 2115 474 2150 alia
496 2115 545 2150 est
565 2114 667 2151 vocis
680 2116 841 2152 Graecae

142 2161 436 2210 ὦκςωτηριᾶθησαν
463 2162 699 2211 lignificario:
749 2166 841 2201 adeo

144 2223 186 2247 vt
207 2211 492 2260 intelligendum
522 2212 584 2253 fit,
614 2214 699 2249 illos
721 2225 841 2259 partes

143 2270 322 2295 extremas
366 2261 532 2306 corporis
576 2274 659 2308 prae
703 2262 842 2310 frigore

143 2308 302 2343 amiliffe.
347 2310 462 2357 Steph.
538 2312 590 2345 lta
625 2312 724 2346 enirn
759 2311 840 2347 fere

141 2358 282 2392 Gracta
305 2357 452 2394 sonant:
488 2358 550 2394 Ille
569 2359 681 2406 igitur
702 2360 839 2396 exerci-

141 2415 203 2441 tus
226 2416 440 2447 reuertens,
486 2419 638 2443 maxima
664 2421 708 2445 ex
737 2420 838 2455 parte

139 2451 181 2490 in
202 2454 390 2489 montibus
421 2454 584 2491 interiit:
633 2471 699 2492 nec
729 2457 834 2502 pauci

138 2503 313 2538 extremis
332 2505 497 2549 corporis
521 2506 681 2549 partibus
697 2505 836 2553 frigore

890 2212 1089 2259 specimine
1109 2212 1212 2249 edito
1233 2214 1423 2258 perierunt
1453 2214 1588 2249 Roma-

892 2261 951 2298 ni:
982 2261 1046 2297 sed
1077 2260 1140 2309 ipsi
1168 2261 1317 2297 viciffiin
1339 2261 1500 2298 hostibus
1520 2263 1590 2299 ali-

890 2310 974 2346 cubi
1003 2322 1170 2357 magnam
1200 2311 1338 2345 cladem
1370 2309 1591 2347 intulerunt.

890 2359 1025 2405 Neque
1056 2359 1154 2395 aliud
1185 2358 1221 2392 in
1252 2359 1353 2393 causa
1391 2359 1486 2401 fuit,
1523 2359 1588 2396 cur

889 2407 1073 2455 perirent,
1103 2419 1209 2454 quam
1233 2409 1331 2453 quod
1346 2407 1588 2445 multitudine

889 2456 1044 2501 impares
1056 2455 1207 2490 suerunt
1220 2455 1445 2501 deprehensi.
1466 2457 1585 2499 steph.

930 2506 958 2549 Ι)
986 2505 1164 2550 Magnum
1185 2515 1306 2540 autem
1329 2505 1439 2540 cladis
1460 2507 1604 2541 barba-.

134 2551 409 2591 mutilatisunt,
442 2554 723 2601 vt·111tcgi‹›nc,
753 2555 832 2589 hie·
885 2565 1010 2590 rorum
1051 2551 1099 2587 est
1136 2565 1232 2600 arg,
1276 2555 1378 2600 quod
1415 2553 1583 2590 triennio

133 2611 235 2636 maru
257 2599 417 2637 difficili:
446 2613 492 2634 ita
515 2612 554 2634 vt
574 2616 593 2635 c
614 2604 738 2639 inultis
753 2614 834 2651 per·
885 2604 962 2650 post
986 2610 1047 2636 aut
1066 2613 1101 2648 q.
1131 2602 1246 2650 Strph.

132 2650 236 2695 pauci
261 2649 328 2686 lint
351 2649 492 2686 reuerti.
520 2650 611 2696 sylb.

926 2656 976 2695 m)
1002 2651 1121 2687 Perias
1143 2650 1193 2686 ita
1213 2650 1247 2686 sc
1267 2650 1415 2693 habere.
1438 2662 1480 2688 vt
1498 2647 1584 2700 qui'-
