1707 3140
522 92 559 134 L
594 87 614 131 1
650 91 684 134 B
723 90 760 136 E
798 89 837 134 R
911 90 933 133 1
967 88 990 133 1
1012 86 1057 134 ,1,
1427 85 1502 142 '47

65 202 247 244 demoliti.
297 200 357 239 Ad
377 201 479 237 hunc
500 199 613 250 igitur
631 200 782 237 modum
793 199 910 249 Niger
929 199 1009 236 suas
1031 210 1087 235 res
1109 199 1139 245 l)
1157 199 1389 246 comprobat,
1414 208 1500 247 pro·
1516 203 1562 244 16

63 251 316 292 uidentissimo
347 251 490 288 scilicet
516 252 572 297 (vt
587 251 666 299 ipse
684 250 862 309 putabat)
889 249 1143 299 tutiffimoque
1164 248 1332 288 consilio.

759 351 806 392 Il.

63 425 293 492 Caeterum
315 425 474 462 Seuerus
493 427 676 471 quantum
694 422 852 458 maxime
873 426 1033 469 poterat,
1060 429 1143 459 cum
1162 422 1236 461 suis
1258 422 1379 472 copiis
1395 421 1499 460 festi-

152 482 249 516 nare,
276 475 418 511 nullum
441 472 595 509 desidiae
612 472 806 519 quietique
827 471 951 508 locum
974 472 1190 518 relinquere.
1246 474 1412 522 Cognito
1433 485 1501 510 au*-

62 535 140 562 tem
161 524 346 572 praesidiis
373 523 493 560 teneri
514 521 748 570 Byzantium,
775 520 878 567 quod
898 521 1033 558 sciebat
1059 523 1333 560 munitiffimam
1352 521 1421 560 effe
1441 535 1498 559 vr-

63 573 164 614 bem,
192 575 235 609 ad
263 576 312 620 m)
340 573 518 621 Cyzicum
538 572 575 607 se
595 569 798 607 conuertit.
849 573 936 606 Hoc
964 571 1177 613 intelleSm..
1205 575 1279 613 dux
1305 571 1409 610 Afiae
1428 576 1536 615 [ξε-ε

62 623 261 666 milianus,
301 623 359 660 cui
388 622 563 658 summam
595 620 710 669 Niger
732 620 849 658 totius
876 619 964 657 belli
995 622 1271 667 maximumque
1296 620 1499 669 imperium

60 671 279 714 tradiderat,
306 671 439 718 etipse
459 671 638 718 Cyzicum
662 667 928 716 proficiscitur,
953 681 994 708 et
1011 673 1137 720 copias
1163 671 1318 708 adducit
1344 671 1500 707 vniuer-

60 721 138 763 saS,
165 728 404 769 quascunque
433 731 496 757 aut
519 717 636 768 Niger
665 718 811 756 miserat
842 730 907 756 aut
933 718 1007 765 ipse
1040 726 1282 758 contraxerat.
1332 720 1406 758 Sed
1432 719 1535 775 vbi3

61 776 218 808 ventum
242 773 286 807 ad
311 782 451 811 manus,
477 770 621 817 aliquot
645 768 823 805 acerrime
850 766 962 808 editis
987 770 1149 818 praeliia.
1174 771 1324 807 victoria
1345 768 1498 808 tandem

62 830 180 869 penes
211 821 387 857 Seuerum
409 818 522 860 stetit,
548 818 631 854 fuso
650 818 857 866 fugatoque
877 818 985 864 Nigri
1014 820 1202 860 exercitu,
1228 828 1360 871 magna
1391 820 1499 858 etiam
1515 830 1540 870 4

61 865 136 906 eius
165 875 273 918 parte
292 868 487 906 trucidata.
539 870 667 915 ltaque
691 867 887 904 confestim
910 865 1011 906 fracii
1034 869 1273 906 orientalium
1299 871 1427 914 animi,
1452 869 1500 906 ll-

61 919 254 967 lyricianis
273 927 394 955 autem
420 918 503 963 spes
523 914 657 966 ingens
683 916 817 953 addita.
869 918 1006 963 Neque
1034 918 1189 955 defuere
1214 916 1282 967 'qui
1305 921 1502 957 crederent
1521 925 1542 966 ς

62 969 174 1018 Nigri
205 975 262 1005 re's
293 968 402 1004 initio
436 967 575 1007 statim,
601 966 766 1010 proditas
786 967 830 1001 ab
856 968 1093 1010 Aemiliano,
1116 969 1358 1015 labefaffi'atas
1383 966 1501 1017 fusffi.

62 1019 178 1056 Cuius
198 1015 335 1053 consilii
359 1017 544 1063 duplicem
566 1014 731 1052 'afferunt
750 1014 913 1053 causam:
939 1018 1017 1062 alii,
1036 1017 1156 1067 Nigro
1175 1021 1216 1064 n)
1237 1018 1422 1062 inuidisse,
1445 1020 1501 1055 fe·
1517 1020 1542 1055 6

62 1074 206 1105 rentem
230 1064 368 1103 scilieet
388 1064 482 1100 haud
512 1071 630 1112 aequo
659 1065 798 1107 animo,
826 1064 863 1105 fi,
889 1079 1003 1114 quem
1030 1067 1166 1115 (paulo
1197 1074 1305 1115 ante)
1338 1070 1377 1105 in
1396 1069 1502 1116 Syria

63 1116 298 1154 succeli'orem
320 1113 510 1155 habuisset,
535 1113 694 1149 eundem
716 1114 944 1160 superiorem
964 1125 1064 1158 mox,
1090 1128 1201 1164 atque
1221 1119 1314 1155 adeo
1343 1118 1505 1165 ‘impera-

64 1177 187 1204 torem
211 1158 485 1208 do'r'ninumque
505 1161 590 1198 effe't
609 1159 823 1200 habiturus:
854 1166 930 1205 alii.
960 1165 1170 1212 persuasum
1193 1179 1212 1202 a
1230 1166 1379 1209 liberis,
1407 1167 1502 1214 patri
1518 1175 1543 1211 7

64 1227 131 1263 per
148 1213 316 1262 epistolas
346 1212 457 1249 vitam
485 1211 713 1257 salutemque
730 1211 830 1248 suam
849 1215 1215 1256 commendantibus,
1243 1229 1338 1264 quos
1361 1218 1504 1254 Romae

63 1264 244 1301 inuentos
273 1265 427 1299 Seueru's
457 1260 497 1296 in
521 1259 681 1314 ‘tustqdia
704 1262 874 1300 habebat.
925 1263 1120 1312 Siquidem
1144 1265 1217 1300 hoc
1244 1277 1395 1314 quoque
1422 1266 1505 1302 vsus

63 1314 114 1350 est
140 1311 458 1359 prouidentiffimo
485 1309 650 1347 coniilio.
705 1312 792 1347 Mos
822 1312 947 1350 fuerat
975 1315 1188 1351 Commodo
1219 1315 1382 1352 retinere
1404 1317 1503 1360 apud
1522 1321 1544 1354 8

61 1363 99 1401 se
117 1363 253 1398 liberos
283 1373 427 1403 eorum,
455 1360 520 1406 qui
551 1358 593 1396 ad
615 1362 791 1407 regendas
810 1362 1025 1409 prouincias
1047 1374 1133 1399 cum
1161 1361 1317 1411 imperio
1339 1364 1509 1411 proficis-

30 1428 32 1430 ·
62 1422 257 1452 cerentur,
296 1409 396 1458 quali
424 1408 565 1446 obsides
594 1409 775 1457 quosdam
813 1412 1105 1450 beneuolentiae
1138 1412 1290 1450 illorum
1326 1413 1505 1461 'fideique-

61 1462 179 1511 Igitur
201 1461 380 1501 Seuerus,
412 1469 528 1507 quum
555 1458 711 1506 primum
739 1462 788 1496 est
817 1461 1020 1507 imperator
1050 1462 1277 1509 appellatus,
1311 1463 1545 1511 superstite9

61 1511 184 1549 adhuc
202 1509 359 1551 Iuliano,
385 1511 420 1552 o)
441 1507 536 1545 mifit
555 1509 688 1545 furtim
710 1509 774 1556 qui
803 1509 887 1547 suos
903 1510 1043 1548 liberos
1066 1524 1110 1549 ex
1133 1513 1222 1547 vrbe
1238 1510 1503 1555 subducerent,

61 1573 111 1597 ne
140 1560 179 1596 in
197 1558 347 1595 alterius
375 1557 491 1594 ess'ent
518 1559 706 1606 potestate.
758 1558 958 1596 Caeterum
985 1560 1083 1608 ipse,
1110 1568 1224 1608 quum
1246 1561 1409 1610 primum
1432 1563 1506 1598 Ro-
1525 1571 1571 1599 ιο

59 1622 158 1647 mam
180 1607 354 1656 ingressus
374 1607 435 1648 est,
463 1606 751 1654 comprehensos
771 1618 903 1646 omnes
924 1611 1059 1647 ducum
1079 1610 1231 1653 liberos,
1257 1618 1507 1648 caeterorum-

61 1671 137 1709 que
158 1659 248 1695 item
268 1656 483 1704 quicunque
513 1663 651 1694 munus
673 1658 860 1703 publicum
890 1658 929 1694 in
954 1660 1100 1696 oriente
1119 1659 1277 1708 AliaqUe
1310 1666 1396 1705 tota¹
1422 1660 1505 1696 obi-

61 1720 160 1756 rent,
182 1712 293 1754 atque
315 1706 353 1742 in
381 1703 582 1743 custodiam
619 1706 746 1747 datos,
770 1708 892 1744 secum
916 1708 1117 1750 retinebat,
1145 1721 1222 1754 quo
1249 1721 1317 1758 per
1337 1723 1378 1746 ea
1406 1705 1506 1759 quali

59 1758 214 1807 pignora
227 1755 335 1802 Nigri
358 1754 511 1793 ducibus
530 1754 821 1802 persuaderetur,
841 1759 891 1794 vti
914 1757 1038 1799 illum,
1064 1757 1242 1795 deiiderio
1269 1759 1394 1796 salutis
1414 1759 1514 1796 libe·-

59 1819 199 1848 rorum,
226 1805 453 1852 proderent:
482 1811 665 1855 autycer'te
682 1803 707 1840 fi
729 1805 769 1843 in
787 1805 861 1855 fide
890 1806 1179 1855 permanliss'ent‚
1204 1811 1244 1857 p)
1262 1805 1422 1845 liberum
1440 1806 1508 1844 fibi

61 1856 318 1903 relinquerent
345 1852 457 1891 caede
474 1854 638 1891 filiorum
662 1861 756 1902 quos
778 1856 892 1893 vellet
920 1856 1056 1893 vlcisci.
1104 1857 1200 1894 viai
1222 1867 1347 1895 autem
1369 1860 1414 1896 ad
1433 1859 1505 1904 Cy·
1525 1867 1570 1897 ιε

61 1904 187 1943 zicum
215 1902 322 1952 Nigri
350 1903 510 1946 milites,
546 1907 653 1952 quam
686 1905 845 1953 quisque
873 1906 1034 1944 maxime
1061 1913 1232 1954 poterat,
1267 1910 1506 1957 aufugerunt,

60 1952 194 2003 partim
216 1959 359 2000 praeter
379 1951 577 1990 Armeniae
608 1966 806 1994 montana,
834 1956 985 2003 quidam
1014 1967 1076 2003 per
1103 1954 1222 1992 Asiam
1247 1955 1508 2003 Galatiamque

60 2004 234 2050 superare
254 2002 421 2038 Taurum
442 2002 670 2044 festinantes,
699 2015 739 2040 vt
760 2004 901 2041 scilicet
919 2005 1016 2042 intra
1045 2003 1281 2042 munimenta
1301 2005 1336 2041 se
1366 2006 1506 2052 recipe-

61 2062 161 2088 rent.
207 2053 259 2087 At
278 2063 367 2086 vero
387 2050 516 2087 Seueri
535 2052 720 2088 exercitus
740 2054 971 2101 Cyzicenum
990 2066 1055 2100 per
1074 2065 1200 2102 agrum
1228 2053 1270 2089 in
1289 2053 1506 2101 Bithyniam
1527 2067 1572 2095 12

61 2099 261 2137 finitimam
282 2099 476 2148 regionem
506 2100 774 2136 contendebat.
821 2102 894 2138 Sed
921 2111 963 2138 vt
980 2103 1160 2139 Seuerum
1178 2102 1302 2140 vicisse
1331 2101 1430 2140 fama
1449 2104 1508 2142 di-

108 2219 138 2267 l)
164 2217 276 2260 Polit⁸
321 2232 413 2272 puto
454 2231 639 2272 comparat
673 2222 761 2260 scri-

60 2271 174 2323 pfiffe.
201 2273 321 2320 Steph.

110 2324 159 2367 m)
181 2323 225 2359 ad
247 2320 430 2371 Cyzicum
455 2321 604 2359 transire
621 2321 761 2359 exerci-

61 2382 142 2409 tum
162 2371 276 2409 iubet.
289 2372 405 2421 ὣερὴ,

112 2424 151 2466 n)
178 2421 296 2469 Nigro
317 2420 567 2463 inuidentem‚
590 2418 760 2459 aduersus

64 2482 150 2506 eum
180 2468 415 2517 conspirasse:
452 2469 626 2517 quoniam
660 2469 760 2506 indi-

64 2529 263 2574 gnaretur,
290 2519 415 2566 quod,
440 2531 553 2566 quum
584 2520 761 2556 successor

62 2581 145 2605 eius
166 2579 206 2603 ln
226 2569 352 2616 Syriae
369 2566 524 2614 imperio
545 2568 679 2612 fuiffet,
706 2568 763 2604 su-

65 2615 190 2665 perior
219 2618 366 2662 suturus
395 2617 505 2659 effer,
544 2628 677 2664 vtpote
697 2630 760 2655 rex

63 2678 106 2703 ac
125 2665 312 2706 dominus.
358 2665 430 2704 Alii
443 2665 575 2714 persa,
595 2668 668 2711 vel,
689 2665 760 2706 Ni-

809 2234 874 2273 gro
894 2220 1151 2273 inuidente‘m,
1177 2225 1348 2265 aduersus
1367 2240 1452 2266 eum
1472 2224 1513 2267 id

809 2273 988 2318 molitum
1004 2275 1090 2312 effe.
1115 2272 1233 2325 Steph.

859 2324 901 2369 0)'
919 2324 1084 2365 curauit,
1110 2334 1153 2360 ut
1176 2324 1255 2362 eius
1273 2323 1406 2369 liberi,
1435 2323 1514 2364 Ro-

777 2400 780 2404 .
809 2384 866 2409 ma
885 2371 980 2411 clam
1000 2372 1178 2417 subducti,
1205 2374 1245 2410 in
1266 2373 1418 2413 alterius
1438 2390 1514 2424 po-

810 2422 937 2460 testate
963 2432 1043 2460 non
1073 2423 1201 2460 effen't.
1259 2424 1343 2472 Ipse
1371 2433 1511 2470 autem.

811 2470 1027 2520 simulatque
1046 2467 1152 2508 Rom.
1171 2471 1266 2519 ingr.
1291 2473 1409 2525 Stepb.

857 2521 900 2570 p)
921 2521 1020 2569 prius
1033 2522 1118 2558 mali
1139 2521 1281 2569 aliquid
1299 2525 1514 2572 acciperent

811 2572 925 2657 ‘caede
944 2568 1120 2615 filiorum,
1149 2582 1259 2619 quam
1280 2572 1348 2622 ipsi
1369 2575 1513 2619 darent,

856 2631 956 2658 emmo
