1748 3017
255 102 321 148 50
464 84 970 134 HERODIANI
1033 77 1558 136 'HI-sToR'IA'E

257 201 341 240 dem
364 211 515 249 quoque
541 199 627 234 loco
646 197 799 234 Darium
829 196 872 232 ab
888 195 1100 234 Alexandro
1119 195 1248 234 ferunt
1262 197 1423 234 maximo
1443 206 1692 246 eittremoque

258 251 324 294 illo
351 250 490 297 praelio
520 248 753 296 profligatum
783 247 822 291 z)
844 257 1083 295 captumque,
1106 245 1460 293 septentrionalibus
1477 248 1589 285 etiam
1606 258 1692 285 tum

223 292 244 325 ⁶
262 299 346 335 viris
374 297 529 334 orientis
556 295 727 332 nationes
760 294 1023 341 superantibus.
1078 295 1212 332 Manet
1238 295 1355 333 adhuc
1383 296 1627 343 trophaeum,
1650 306 1692 334 et

208 363 209 366 ¹
262 359 386 385 tautae
415 346 588 382 victoriae
613 343 862 381 testimonium
892 345 976 380 vrbs
1002 343 1042 380 in
1069 344 1188 386 colle,
1221 343 1464 382 Alexandria:
1504 344 1696 384 fimulae-

222 398 244 432 7
261 409 375 434 neum
396 394 502 441 ipsius
522 393 744 430 simulacrum
759 417 769 434 ‚
791 392 891 428 vnde
910 392 997 428 loco
1023 391 1238 440 impolitum
1263 406 1418 430 nomen.
1469 393 1606 429 Euenit
1624 405 1691 431 au-

260 457 351 486 tem,
370 456 411 480 vt
428 443 556 480 Seueri
587 454 628 478 ac
641 440 746 489 Nigri
769 441 996 478 exercituum
1015 454 1096 477 non
1114 441 1323 491 congress'us
1341 442 1455 478 modo
1472 442 1512 477 in
1529 443 1692 478 eumlo-

221 492 249 527 8
262 506 368 534 cum,
394 492 455 528 sed
484 491 637 528 fortuna
656 491 775 526 etiam
806 490 980 526 fortunae
1009 490 1134 527 similis
1161 491 1290 527 fuerit.
1363 490 1555 538 Vtrinque
1582 490 1690 528 enim

257 543 324 580 sub
344 541 528 587 vesperam
554 540 672 587 *parati
698 539 741 573 ad
762 550 924 587 pugnarn
949 538 1215 581 constiterant,
1243 539 1341 576 curis
1361 539 1450 577 dein
1473 539 1694 587 pauoribus-

259 603 332 637 que
361 601 478 626 totam
507 589 651 625 noctem
672 599 903 624 extraxerant
921 587 1151 625 insomnem:
1177 588 1371 636 statimque
1397 600 1480 624 cum
1499 588 1585 624 solis
1602 600 1692 626 ortu

222 644 243 678 9
260 638 414 676 ducibus
442 638 616 686 vtrinque
641 635 943 678 adhortantibus,
994 636 1205 674 incredibili
1235 637 1421 674 alacritate
1450 637 1692 686 vtrinque.se

254 689 484 727 incitarunt,
509 697 682 734 tanquam
710 685 755 721 de
782 685 886 721 omni
914 685 978 733 spe
1002 686 1144 733 reliqua
1172 686 1370 723 nouillimo
1400 683 1467 722 illo
1497 685 1691 734 congress'u

260 735 488 777 dimicaturi,
519 738 558 782 a)
577 735 802 781 disceptante
829 733 907 790 illic
932 734 1041 782 super
1066 735 1236 771 Romano
1265 736 1491 781 imperatore
1519 735 1688 772 fortuna.
1736 740 1739 743 “

199 791 244 825 10
259 786 331 822 Sed
352 785 412 821 vbi
431 783 496 820 diu
523 795 725 832 pugnatum
751 795 950 824 acerrime,
980 794 1158 831 tantaque
1170 785 1269 820 edita
1291 784 1465 832 vttinque
1479 784 1626 831 strages,
1645 793 1691 820 vt

241 835 406 872 ‚flumina
435 846 500 880 per
520 846 598 869 eam
618 831 810 879 planitiem
837 832 1082 873 decurrentia,
1108 832 1247 869 maiore
1265 832 1459 880 aliquanto
1487 832 1524 868 vi
1542 831 1690 881 sangui·
1747 870 1748 878 ἵ

254 884 318 921 'nis
347 894 455 930 quam
490 893 664 928 aquarum
692 881 733 916 in
766 893 865 917 mare
889 880 927 918 se
954 882 1177 923 voluerent,
1209 880 1279 917 fufi
1305 882 1456 936 tandem
1483 879 1691 937 profligati·-
1747 889 1748 927 ζ

199 937 238 963 11
259 945 332 981 que
359 930 580 977 orientales,
606 928 889 967 imminentibus
914 942 934 964 a
959 940 1066 977 tergo
1090 926 1335 977 Illyricianis,
1361 941 1494 976 partim
1520 943 1561 966 in
1590 941 1691 966 mare

252 979 366 1019 saucii
397 978 883 1026 protrudebanturf-partqim
910 979 954 1015 in
971 979 1084 1015 colles
1102 978 1263 1015 summos
1289 979 1500 1027 'fugitantes
1518 991 1546 1014 -a
1562 978 1699 1026 perse-z,

257 1028 459 1079 quentibus
480 1029 818 1064 obtruncabantur:
843 1038 1004 1076 cumque
1023 1027 1069 1063 iis
1085 1039 1156 1063 vna
1176 1027 1309 1076 vulgus
1327 1028 1460 1075 ingens
1477 1029 1692 1070 hominum,

255 1079 385 1125 quiex
417 1077 570 1113 vrbibus
594 1076 728 1112 vicinis
749 1077 925 1124 agrisque
948 1076 1227 1118 confluxerant,
1260 1077 1418 1124 superne
1444 1075 1617 1125 qualique
1643 1089 1691 1123 eit

194 1128 236 1153 ¹2
255 1137 339 1164 tuto
357 1126 443 1162 loco
463 1125 643 1172 praelium
672 1124 876 1171 spe-staturi.
923 1127 975 1161 At
992 1125 1273 1171 ‘Nigerssralido
1292 1125 1441 1162 eueflus
1461 1137 1575 1173 equo,
1598 1137 1692 1172 >pau-

195 1175 234 1212 13
256 1175 307 1211 cis
335 1173 616 1213 comitantibus,
641 1173 884 1208 Antiochiam
906 1174 1101 1220 peruenit:
1125 1175 1160 1219 b)
1180 1173 1239 1209 vbi
1257 1174 1429 1221 fugiente
1449 1175 1572 1222 paffim
1595 1174 1693 1210 mul-

255 1223 432 1262 titudine,
457 1234 667 1268 magnoque
687 1222 825 1268 vbique
843 1221 934 1258 fletu
953 1222 1250 1268 clamoribusque
1278 1233 1389 1259 natos
1407 1223 1613 1269 fratresque
1632 1223 1696 1258 lu-

194 1274 237 1309 14
255 1271 448 1321 gentium,
483 1269 684 1315 deploratis
711 1281 750 1306 et
778 1269 853 1316 ipse
877 1271 988 1306 rebus
1017 1269 1088 1307 suis
1107 1270 1231 1318 fugam
1249 1271 1370 1317 capit:
1407 1272 1695 1319 occultantique

255 1321 343 1356 dein
362 1320 396 1355 se
419 1320 457 1355 in
477 1319 681 1355 suburbano
701 1320 875 1366 quodam,
903 1330 942 1355 et
959 1321 1003 1356 ab
1024 1319 1213 1366 equitibus
1238 1331 1402 1366 repen-9,
1429 1331 1540 1367 caput
1558 1332 1691 1367 ampu-

193 1372 234 1406 15
254 1380 385 1406 tatum.
439 1370 554 1404 Hunc
582 1367 712 1404 habuit
742 1366 883 1403 exitum
908 1369 1006 1405 vitae
1031 1367 1170 1416 Niger,
1194 1369 1281 1404 dato
1308 1368 1550 1404 cunctationis
1572 1366 1692 1405 tardi-
1738 1409 1745 1415 ,

255 1418 419 1463 ratisque
441 1415 641 1463 supplicio:
663 1417 778 1452 homo
800 1416 939 1463 alioqui
961 1417 1018 1462 (vt
1036 1416 1249 1465 perhibent)
1266 1416 1418 1464 publice
1439 1417 1691 1466 priuatimque

194 1461 238 1494 ¹⁶
254 1467 409 1502 minime
427 1465 632 1513 improbus.
685 1466 758 1501 Sed
784 1465 905 1501 occiso
927 1466 1074 1513 Nigro,
1101 1467 1261 1502 Seuerus
1279 1478 1411 1503 omnes
1436 1466 1606 1514 (statim)
1635 1466 1689 1503 il-

253 1514 322 1551 lius
344 1515 480 1550 amicos
505 1512 686 1560 supplicio
708 1512 843 1556 affecit,
862 1513 935 1550 fiue
945 1515 1009 1561 qui
1026 1515 1172 1563 sponte,
1198 1513 1583 1570 flue-qui-neceffitate
1603 1527 1690 1552 coa-

192 1566 237 1601 17
255 1563 300 1599 &i
323 1565 430 1600 rebus
456 1563 554 1599 illius
582 1561 814 1599 studuissent:
841 1562 1018 1600 militibus
1042 1575 1188 1601 tantum
1215 1574 1278 1610 qui
1297 1562 1504 1612 effugerant
1520 1576 1562 1600 ac
1588 1576 1689 1601 trans
1746 1603 1748 1606 ,

253 1612 409 1649 fluuium
428 1611 571 1660 Tigrim
596 1623 695 1648 metu
715 1611 840 1649 Seueri
869 1611 913 1646 ad
933 1612 1103 1648 Barbaros
1132 1612 1316 1654 abierant,
1340 1613 1567 1659 impunitate
1594 1625 1688 1659 pro·
1742 1647 1744 1650 .

193 1661 235 1694 18
255 1659 367 1709 polita
385 1660 555 1707 receptis.
609 1661 763 1708 Quippe
781 1672 911 1710 magna
930 1661 984 1697 vis
998 1660 1197 1697 *hominum
1229 1660 1269 1697 in
1290 1673 1330 1698 ea
1351 1661 1432 1698 loca
1451 1661 1688 1699 concesserat.
1739 1661 1741 1664 ’

255 1721 330 1757 quo
359 1707 560 1758 potiffimum
581 1708 748 1745 effef‘tum
776 1709 835 1751 est,
864 1721 905 1746 vt
928 1710 1124 1747 validiores
1143 1709 1319 1758 deinceps
1346 1711 1488 1748 barbari
1507 1710 1690 1748 aduersus
1746 1741 1748 1743 .

194 1765 237 1798 ¹9
253 1759 442 1796 Romanos
461 1758 688 1794 conferenda
708 1759 1030 1796 manu-euaserint.
1067 1773 1152 1815 mariz
1174 1771 1277 1809 gnari
1297 1768 1406 1796 antea
1425 1771 1688 1809 pugnare-tan-

253 1819 332 1844 turn
352 1819 438 1843 arcu
456 1819 504 1843 ex
526 1807 646 1852 equi&
663 1819 786 1854 neque
806 1819 985 1844 armatura
1003 1809 1156 1849 muniti,
1179 1821 1305 1856 neque
1325 1807 1421 1844 hasta
1441 1809 1617 1858 gladioue
1633 1808 1689 1846 sa·
1746 1858 1748 1862 Ι

254 1854 302 1891 tis
331 1855 504 1897 audaces,
531 1855 606 1893 leui
635 1856 872 1903 pendulaque
903 1857 1022 1899 veste,
1045 1857 1324 1904 plurimumque
1341 1857 1441 1894 inter
1459 1857 1684 1906 fugiendum

188 1913 238 1940 20
254 1903 388 1945 auersi,
423 1904 569 1952 sagittas
599 1903 864 1941 intendebant:
889 1906 925 1953 c)
952 1905 1075 1953 postea
1101 1918 1191 1943 vero
1220 1918 1329 1953 quam
1352 1907 1510 1943 Romani
1538 1906 1686 1955 aliquot

251 1953 402 1997 milites,
428 1953 598 2000 fabrique
617 1953 792 1990 nonnulli
813 1954 852 1990 in
874 1967 933 1991 eas
960 1955 1134 2003 regiones
1152 1955 1424 2003 confugerunt:
1449 1954 1501 1991 ibi
1519 1966 1684 1993 aetatem

250 2001 383 2042 asturi,
408 2013 490 2039 non
508 2001 628 2040 solum
647 2002 756 2040 armis
784 2003 862 2047 vti,
891 2002 955 2042 fed
973 2015 1015 2042 ea
1033 2015 1186 2054 quoque
1201 2003 1384 2042 .fabxicari
1409 2004 1555 2043 barbari
1575 2003 1685 2043 didi-
1742 2005 1748 2018 ’·

247 2062 391 2088 cerunt.

341 2217 379 2262 z)
405 2226 551 2263 captum
573 2229 647 2265 que
673 2230 691 2254 a
719 2219 808 2265 sept.
834 2214 941 2266 viris,
988 2219 1339 2270 quet-inlationibus
1357 2217 1688 2258 etlamentationi-
1741 2218 1748 2246 ἔ

247 2262 357 2300 etiam
376 2275 455 2300 tum
482 2279 534 2301 or.
553 2277 628 2302 nat.
646 2268 725 2315 sup.
745 2271 863 2317 Steph.
988 2273 1055 2307 bus
1081 2270 1293 2310 ciuitatem,
1339 2280 1445 2305 natos
1469 2279 1516 2306 ·et
1549 2268 1684 2308 fratres

297 2345 335 2389 a)
360 2343 608 2394 (ljsceptasura.
652 2347 709 2384 Est
738 2349 837 2385 enim
864 2351 935 2389 Gr·
985 2320 1265 2368 lugentium,—
1288 2317 1409 2367 Steph.

248 2394 398 2428 verbum
425 2394 495 2430 fut.
525 2407 637 2442 temp.
671 2398 744 2433 hoc
772 2398 808 2434 in
837 2400 937 2444 loco,

246 2441 366 2487 potest
384 2454 454 2488 que
470 2455 509 2480 et
535 2444 639 2481 aliter
658 2446 784 2489 reddi,
806 2460 839 2484 v.
860 2452 938 2486 An-

242 2500 323 2526 not.
346 2492 464 2539 Steph.

1034 2417 1070 2459 c)
1098 2414 1219 2462 postea
1235 2426 1323 2451 vero
1341 2425 1448 2462 quarn
1468 2413 1508 2455 ii.
1533 2413 1600 2462 qui
1619 2413 1682 2451 su-

985 2475 1116 2513 geraut
1143 2463 1302 2503 milites,
1327 2463 1435 2500 multi
1463 2475 1536 2511 que
1564 2475 1608 2500 ex
1630 2461 1680 2499 iis

444 2556 449 2561 ,
984 2512 1159 2560 opifices,
1185 2514 1228 2549 ad
1255 2513 1340 2548 illos
1367 2511 1403 2547 se
1420 2511 1679 2554 contulerunt.

294 2555 339 2597 b)
389 2556 450 2591 vbi
479 2568 590 2603 quum
621 2558 823 2607 fugientem
854 2561 936 2597 reli·
982 2561 1157 2608 atqueibi
1181 2561 1306 2597 viuere
1325 2561 1364 2596 in
1384 2561 1547 2598 animum
1564 2558 1676 2597 indu-

240 2613 357 2656 quum
377 2607 560 2650 populum
585 2605 624 2652 (li
644 2609 724 2653 quis
743 2609 854 2645 modo
875 2623 932 2646 re·
980 2621 1128 2652 xerunt,
1151 2621 1232 2648 non
1255 2610 1374 2648 solum
1391 2622 1479 2648 arm.
1505 2609 1624 2660 Steph-

237 2650 345 2689 haus
384 2656 486 2700 crat)
529 2655 741 2698 inueniam,
784 2659 930 2706 plenam

1732 2250 1748 2627 ᾗ

1732 2660 1748 3017 3
