1707 3029
193 159 294 204 116
376 159 871 207 HERODIANI
943 159 1445 208 HISTORIAE

182 276 398 323 curiamque
418 277 617 314 Romanam
647 285 863 313 tuerentur:
890 275 1225 324 persuaderentque
1244 277 1483 319 nationibus.
1506 288 1548 313 vt
1572 276 1615 315 in

181 323 258 361 fide
275 325 404 373 populi
427 325 583 363 Romani
607 324 904 372 perseuerarent,
930 326 1033 362 cuius
1055 327 1247 373 proprium
1266 327 1476 375 antiquitus
1495 326 1615 372 impe·

181 374 276 411 rium
298 375 416 418 foret,
447 375 759 421 veteri-imumque
777 374 957 411 cumillis
977 374 1160 412 amicitiae
1190 375 1245 412 ius
1274 389 1290 410 a
1322 375 1521 412 maioribus
1553 376 1615 411 in·

118 428 159 469 13
180 423 360 459 stitutum.
413 423 599 464 Quocirca
618 422 784 470 plerique
809 422 940 471 legatis
969 423 1131 472 benigne
1157 425 1339 472 exceptis,
1385 425 1542 471 populos
1568 423 1614 460 ad

181 471 428 509 defestionem
454 473 712 520 perpulerunt.
763 473 865 518 quod
886 471 1024 509 scilicet
1044 485 1202 520 pronum
1223 472 1321 510 fuit:
1366 473 1459 508 adeo
1491 474 1615 508 incre·

181 520 288 557 dibili
310 521 408 568 apud
428 534 560 557 omnes
581 522 668 558 odio
691 520 914 558 Maximinus
934 522 1131 559 laborabat.
1179 522 1298 570 Igitur
1328 521 1504 558 omnibus
1533 520 1616 568 qui..

180 581 327 618 cunque
347 570 442 617 apud
465 570 560 616 ipsos
581 569 826 624 magiſtratum
855 582 1024 618 gerentes
1054 584 1137 608 cum
1158 570 1365 607 Maximino
1393 569 1615 611 sentiebant,

116 627 161 664 14
181 630 336 666 repente
353 620 395 655 ad
419 631 532 655 vnum
553 618 691 659 occisis,
719 617 782 665 ipfi
803 619 961 656 vniuetli
983 622 1025 658 ad
1041 622 1224 656 Romanos
1243 618 1476 656 defecerunt.
1505 618 1615 655 Pauci

182 679 306 704 tamen
328 667 495 708 inuenti.
518 667 579 714 qui
602 669 744 715 legatos
764 667 810 703 ad
830 667 869 704 se
887 669 1010 706 miffos
1031 667 1296 711 interficerent,
1330 679 1392 704 aut
1420 668 1463 704 ad
1492 667 1614 715 ipsum

179 717 393 758 mitterent,
418 717 590 753 adhibitis
612 715 840 759 custodibus,
865 717 928 765 qui
960 718 1097 756 deinde
1125 731 1254 754 omnes
1284 715 1563 764 exquivitiflimis
1592 729 1615 752 a¹

115 765 384 852 15g⁴lpximjno
404 764 594 820 suppliciis
612 764 842 804 affefflsunt.
889 770 932 816 z)
960 769 1065 805 Haec
1089 779 1194 806 mens
1221 769 1409 804 Romanae
1438 765 1615 807 ciuitatis,

211 826 247 851 ic
264 825 408 851 ammus
436 819 525 852 tuit.
1570 841 1572 844 f

845 913 947 954 vm.

175 1011 314 1088 Quae
334 1010 524 1060 postquam
545 1010 753 1049 Maximino
772 1009 942 1050 nuntiata
959 1009 1069 1053 sunt,
1094 1010 1452 1061 quamquam-tristis]
1469 1024 1510 1048 ac
1530 1009 1616 1048 soli·

133 1079 154 1103 2
273 1061 394 1100 citus,
420 1072 545 1097 tamen
568 1060 627 1096 illa
659 1061 694 1097 se
721 1072 967 1098 contemnere
995 1059 1196 1097 simulabat.
1257 1074 1297 1096 ac
1315 1059 1437 1108 primo
1456 1060 1613 1110 quidem

134 1125 154 1164 3
175 1113 366 1156 alteroque
386 1110 448 1146 die
466 1108 567 1146 domi
588 1110 763 1157 quietus.
790 1111 835 1147 ad
855 1108 993 1146 amicos
1013 1109 1057 1146 de
1078 1123 1123 1145 eo
1142 1111 1298 1158 negotio
1319 1110 1460 1147 retulit.
1519 1111 1615 1147 Cae·

175 1173 294 1198 terum
315 1158 499 1195 exercitus
521 1159 644 1194 omnis
665 1159 864 1206 cunctique
886 1161 925 1203 a)
952 1158 1031 1195 eius
1054 1158 1216 1207 regionis
1240 1159 1433 1201 mortales,
1460 1158 1612 1196 etfirem

174 1221 324 1246 omnem
345 1207 626 1247 intellexerant,
659 1206 991 1254 intumuerantque
1013 1207 1157 1249 animis,
1185 1208 1332 1246 audacia
1353 1221 1476 1253 rerum
1493 1218 1614 1244 tanta·

175 1270 259 1295 rum
278 1269 318 1293 ac
337 1256 529 1292 nouitate:
574 1267 699 1293 tamen
733 1270 798 1304 pro
821 1258 857 1293 se
889 1258 1046 1304 quisque
1078 1258 1270 1300 tacebant,
1309 1270 1349 1293 ac
1372 1258 1410 1294 se
1435 1257 1612 1306 ignorare

135 1324 159 1358 4
177 1307 301 1343 omnia
323 1304 552 1342 fimulabant.
602 1303 742 1352 quippe
763 1317 886 1343 tantus
906 1317 982 1341 erat
998 1304 1189 1341 Maximini
1211 1317 1355 1347 metus,
1381 1318 1423 1343 vt
1441 1306 1539 1342 nihil
1566 1306 1631 1351 ily

175 1357 255 1393 lum
276 1355 381 1402 plane
404 1354 556 1396 lateret,
583 1354 829 1403 omniumque
848 1367 926 1391 non
948 1354 1066 1390 solum
1085 1357 1219 1397 verba,
1243 1354 1304 1392 sed
1325 1366 1438 1392 nutus
1457 1366 1612 1402 quoque

135 1419 153 1454 ς
172 1403 404 1452 speciemque
423 1403 497 1439 oris
524 1404 562 1446 b)
593 1403 814 1440 obseruaret.
865 1403 998 1440 Tertio
1021 1416 1106 1440 vero
1130 1403 1190 1439 die
1211 1405 1432 1441 conuocatis
1451 1403 1490 1439 in
1512 1416 1609 1439 cam-

174 1466 262 1501 pum
287 1463 373 1488 ante
392 1452 517 1488 vrbem
529 1451 709 1488 militibus
730 1452 824 1495 suis,
846 1451 1072 1489 Maximinus
1091 1453 1251 1488 tribunal
1272 1452 1474 1494 inscendit,
1496 1463 1610 1500 atque

173 1515 217 1539 ex
243 1500 370 1538 libello
391 1499 598 1536 orationem
621 1502 664 1537 ab
684 1502 811 1538 amicis
834 1501 1093 1549 compostum,
1121 1501 1161 1537 in
1178 1502 1273 1537 hanc
1301 1501 1522 1538 sententiam
1551 1514 1610 1537 re-

131 1563 154 1594 6
173 1550 323 1587 citauit:
368 1550 444 1584 Scio
463 1562 515 1585 me
533 1550 631 1585 vobis
647 1550 873 1587 incredibilia
891 1563 1046 1598 nouaque
1061 1550 1256 1594 diHurum,
1274 1549 1344 1598 sed
1366 1552 1426 1597 (vt
1443 1563 1462 1586 e
1487 1562 1504 1585 o
1530 1551 1612 1586 exi-

130 1599 288 1652 7st1‘mo)
314 1610 381 1633 non
400 1608 475 1634 tam
494 1599 733 1635 admiratione
750 1613 853 1648 quam
870 1599 945 1647 risu
963 1602 1086 1648 digna.
1136 1603 1254 1636 Arma
1281 1600 1378 1637 vohis
1404 1563 1611 1648 veflraeque

170 1648 309 1685 virtuti
326 1659 393 1682 non
415 1648 588 1683 Germani
604 1648 793 1694 inferunt,
811 1649 915 1697 saepe
943 1649 1094 1696 deuit‘li,
1130 1661 1196 1685 non
1223 1650 1436 1690 Sarmatae,
1477 1650 1540 1697 qui
1566 1650 1610 1685 de

130 1713 149 1747 3
166 1707 253 1747 pace
271 1697 366 1733 nobis
387 1697 543 1744 quotidie
561 1695 787 1746 supplicant.-
825 1697 954 1747 Persae
977 1699 1083 1738 item,
1121 1700 1182 1747 qui
1212 1700 1293 1735 olim
1319 1697 1611 1746 Mesopotamiam

165 1747 482 1795 peruagabantur,
503 1759 595 1782 nunc
612 1746 698 1795 suas
728 1747 829 1783 intra
851 1746 951 1795 fides
982 1748 1154 1796 quiesi-ere
1180 1749 1260 1783 boni
1289 1746 1491 1796 consulum,
1531 1759 1610 1783 cum

164 1797 289 1844 gloria
308 1795 346 1830 in
364 1794 477 1830 armis
496 1795 615 1844 vestra
627 1819 637 1836 ‚
662 1807 735 1832 tum
755 1809 874 1833 rerum
891 1811 915 1833 a
933 1809 986 1832 me
996 1796 1176 1846 gestarum
1181 1797 1337 1846 periculo
1357 1797 1469 1833 edolli
1479 1821 1491 1838 ,
1519 1808 1610 1844 quae

169 1845 241 1881 iam
262 1855 334 1880 tum
360 1842 430 1879 illis
461 1844 715 1887 innotuerunt,
765 1859 867 1894 quum
896 1846 1012 1881 tuenti
1038 1847 1138 1895 ripas
1166 1847 1344 1882 exercitui
1370 1846 1611 1895 praefuimus.
1638 1847 1645 1861 “

126 1915 146 1948 9
177 1896 301 1929 Verum
326 1893 360 1939 c)
390 1893 539 1941 (nequid
553 1895 664 1942 magis
674 1895 1042 1939 ridiculumdixerim)
1073 1895 1384 1943 Carthaginienses
1411 1895 1608 1944 insaniunt.

166 1952 273 1991 atque
303 1941 389 1990 sene
413 1939 645 1988 infelictffimo
673 1954 709 1979 et
743 1955 901 1980 extremo
937 1945 1009 1979 iam
1044 1945 1178 1980 aetatis
1217 1945 1416 1986 delirante,
1466 1944 1608 1981 dubium

105 2010 148 2037 10
166 1993 207 2035 d)
224 1990 325 2039 suaso
343 2003 390 2026 an
405 1991 543 2033 como,
589 1994 693 2039 quast
701 1993 823 2042 aliqua
849 1994 887 2029 in
912 2002 1037 2042 pompa
1065 1994 1187 2029 ludunt
1211 1994 1465 2042 principatum.
1528 1994 1609 2044 Qu

166 2041 255 2075 enim
274 2040 379 2086 freti
396 2040 576 2081 exercitu,
599 2054 702 2088 quum
718 2044 816 2090 apud
832 2054 887 2078 eos
903 2040 1113 2090 proconsulis
1131 2041 1323 2092 ministerio
1338 2043 1481 2078 linares
1491 2041 1608 2092 satis-

103 2109 143 2134 11
158 2089 340 2136 faciant?
387 2089 528 2137 Quibus
547 2099 660 2139 porro
678 2090 780 2139 vsuri
796 2093 910 2128 armis
923 2115 934 2133 ,
959 2093 1021 2126 vbi
1032 2102 1184 2142 praeter
1205 2096 1345 2128 lanceas
1362 2093 1509 2139 exiguas
1517 2093 1550 2138 e)
1559 2093 1613 2128 ad

159 2136 267 2182 feras
288 2138 530 2185 excipiendas,
552 2139 647 2174 nihil
673 2141 726 2187 fit
756 2142 906 2177 telorum
921 2161 931 2177 ι
964 2150 1098 2190 proque
1126 2142 1258 2177 bellicis
1292 2141 1609 2177 exercitationibus

103 2202 144 2227 ιι
166 2187 266 2223 chori
282 2197 435 2229 tantum,
453 2188 614 2237 ‚imaque
628 2190 811 2240 procacia,
833 2200 870 2227 et
889 2190 1025 2227 numeri
1043 2191 1186 2239 quidam
1203 2189 1440 2239 vsurpentur?
1484 2190 1610 2240 Neque

213 2324 255 2365 z)
281 2323 354 2358 Hic
393 2324 579 2362 Romanae
605 2325 704 2364 vrbis
733 2325 860 2370 status,
911 2337 1138 2368 rumnutus.
1179 2327 1254 2364 duo
1269 2325 1308 2361 in
1341 2325 1402 2363 sua
1420 2325 1608 2374 interpre-

163 2371 252 2408 haec
274 2384 377 2407 mens
389 2386 475 2410 erat.
505 2377 621 2423 Steph.
908 2377 1053 2413 tatione
1074 2375 1174 2411 facit.
1203 2375 1324 2422 Steph-

213 2422 252 2467 α)
276 2421 461 2456 νιιετίοτίς
473 2436 546 2472 teg.
577 2427 719 2461 Memm.
954 2427 998 2471 c)
1040 2436 1166 2460 annon
1215 2423 1417 2462 ridiculum
1480 2423 1608 2462 dian!

179 2514 187 2522 ⁶
208 2471 244 2514 b)
272 2469 564 2523 obseritur-entur,
590 2475 634 2510 ab
657 2475 738 2509 aliis
755 2475 855 2512 vide·
904 2475 1046 2511 Memm.

161 2515 270 2558 hcet,
315 2529 378 2571 qui
410 2523 451 2553 ad
488 2521 591 2558 illum
623 2522 854 2559 deferebant.
951 2525 991 2567 d)
1018 2522 1152 2570 Aptius
1171 2521 1259 2559 esser
1277 2522 1458 2571 persuaso.
1484 2523 1604 2571 Stepb.

160 2566 209 2618 At
233 2569 309 2600 vol
338 2578 382 2601 uta
405 2569 538 2609 vertit.
563 2571 658 2616 quasi
680 2573 853 2618 icriptum
903 2585 939 2622 q.
959 2573 1156 2611 eham-nr.
1172 2570 1277 2621 suasu
1298 2586 1342 2608 an
1357 2573 1601 2620 coat’tu.Sylb.

161 2619 244 2650 enci
293 2627 367 2649 non
408 2616 746 2661 παραφυλέττεθαι,
790 2621 853 2658 sed
948 2624 980 2668 e)
1009 2622 1032 2656 l.
1057 2623 1223 2670 exiguas,
1251 2621 1383 2670 quibus
1403 2623 1601 2659 aduersum

159 2661 444 2706 σηαφυλίττειν.
508 2669 609 2710 Qun
654 2682 763 2705 etiam
807 2684 852 2707 ex
902 2670 998 2708 feras
1020 2669 1369 2721 fingularipugnaut
1384 2669 1602 2710 certamine.

159 2711 353 2753 mosi-01⁸3!
376 2709 482 2756 ὅψεως
493 2714 653 2760 νεύματι,
667 2717 688 2758 i.
702 2720 853 2755 e.oculo-
901 2719 1017 2770 Steph.
1443 2738 1445 2741 ·
