1707 3029
218 103 283 161 94

499 74 932 148 HEROD'IANI
1007 101 1438 150 HISTORIAE.

178 230 201 266 7
219 213 317 251 enim
328 212 618 261 illipotiffimum
631 211 968 259 speftant)haberet
978 223 1190 254 autoratam.
1217 213 1321 259 Qae
1340 211 1557 262 intelligens
1567 214 1647 250 An·

220 263 397 303 maninus,
426 262 517 298 nihil
539 275 616 297 non
637 260 845 297 inlidiarum
859 262 1066 297 Alexandro
1089 261 1268 308 matrique
1288 261 1516 299 intendebat.
1545 262 1647 308 Qas

219 322 341 348 tamen
363 324 494 347 omnes
511 313 654 346 arcebat
676 309 968 355 prohibebatque
997 310 1202 346 communis
1230 311 1307 345 auia
1331 310 1476 353 Maesa,
1513 311 1646 346 mulier

217 361 356 408 alioqui
381 360 578 399 acerrima,
600 359 814 404 multosque
834 369 952 394 annos
975 359 1013 394 in
1033 359 1111 394 aula
1129 372 1213 394 curn
1232 358 1356 394 sorore
1375 360 1434 395 1'ua
1467 359 1556 396 lulia
1579 360 1647 394 Se-

176 423 197 458 3
218 409 296 446 veri
317 410 475 457 coniuge
494 420 730 444 commorata.

784 407 889 442 Nihil
912 407 1034 450 itaque
1054 409 1292 448 eamlatebat,
1314 407 1414 453 quod
1427 408 1646 444 Antoninus

216 457 432 498 moliretur,
458 458 571 492 homo
593 457 716 503 suapte
735 466 863 491 natura
885 455 1023 497 futilis,
1052 468 1091 492 ct
1112 458 1174 503 qui
1195 456 1316 491 omnia
1337 468 1428 503 quae
1449 458 1647 502 placerent,

175 525 198 559 9
218 505 405 556 propalam
423 505 636 553 loqueretur
656 514 765 551 atque
785 514 919 550 ageret.

974 504 1094 541 Postea
1113 518 1202 540 vero
1222 517 1329 552 quam
1351 504 1500 540 inlidiae
1521 516 1649 550 parum

223 557 491 603 procedebant,
520 554 710 591 detrahere
730 566 843 599 puero
866 553 1026 589 Caesaris
1048 556 1228 589 honorem
1253 553 1431 589 decreuit.
1457 555 1489 598 l)
1519 556 1649 602 ltaque

127 635 132 644 .
151 621 202 648 ιο
220 615 342 651 neque
363 603 505 639 salutari
520 629 530 645 ,
552 614 676 649 neque
695 601 762 637 iarn
788 602 877 638 foris
897 602 1094 648 procedere
1125 602 1339 649 patiebatur.

220 665 294 690 tem
316 654 574 699 (magnopere)
599 649 703 686 illum
723 651 969 697 requirebant,
992 650 1241 700 indignantes,
1261 648 1649 698 fiquidemimperium

153 720 197 747 ῃ
221 713 372 750 quoque
391 702 448 735 illi
469 701 701 737 adimeretur.

753 701 824 735 Sed
852 700 1067 736 Antoninus
1090 701 1221 735 samam
1241 700 1430 747 vuigauit‚
1458 698 1556 746 quasi
1575 699 1649 735 iam

219 749 364 787 obiisset
383 749 608 785 Alexander:
638 759 679 783 vt
700 748 836 786 scilicet
857 750 1147 796 periclitaretur,
1184 761 1346 794 quonam
1383 748 1420 784 id
1449 747 1572 784 animo
1601 746 1651 783 la-

156 818 199 843 ¹2
223 799 294 836 turi
318 799 452 833 milites
471 797 609 834 forent.

661 799 710 833 At
730 797 805 837 illi,
833 810 1011 841 nusquam
1034 809 1272 844 comparente
1291 804 1429 844 puero,
1463 807 1652 845 praeterea

220 848 352 884 animis
377 859 522 882 rumore
545 847 610 882 illo
634 846 870 888 exulceratis,
908 846 1177 893 indignabundi
1209 858 1333 893 neque
1360 845 1502 882 solitam
1530 845 1651 881 custo-

220 897 315 933 diam
348 896 525 931 miserunt
550 895 774 938 Antonino,
828 907 866 932 et
900 895 1028 931 incluti
1072 895 1188 930 castris
1239 894 1365 930 videre
1398 895 1651 932 Alexandrum

155 962 199 1000 ¹3
219 946 314 982 velle
333 943 371 979 in
392 943 468 989 ipso
487 945 626 990 templo
648 944 876 981 dictitabant.
926 945 979 979 Eo
1004 955 1106 980 metu
1126 944 1349 983 vehementer
1372 942 1461 980 istus
1482 941 1652 980 Antoni-

221 1006 311 1034 nus,
362 995 570 1043 Alexandro
592 994 714 1029 secum
734 993 771 1029 in
802 992 975 1029 vehiculo
1007 992 1244 1040 imperatorio
1275 991 1513 1034 confidente,
1549 988 1653 1039 quod

156 1062 203 1098 ¹4
221 1053 298 1080 etat
316 1054 402 1078 auro
426 1042 545 1078 multo
566 1043 795 1090 gemmisque
815 1054 1056 1081 exornatum,
1080 1041 1280 1078 contendit
1301 1041 1338 1077 in
1370 1041 1489 1079 castra.

1561 1042 1654 1076 Cae-

1402 603 1545 638 Milites
1580 611 1649 636 au-
1664 605 1690 630 ἰ

1687 697 1707 820 ,Ξ

1693 841 1707 892 »l

1692 898 1707 987 3

220 1103 340 1127 terum
364 1091 481 1137 portis
499 1091 665 1130 reseratis
685 1100 858 1137 accepere
880 1103 1078 1137 Vtrumque
1100 1090 1259 1132 milites,
1281 1101 1393 1134 atque
1414 1091 1452 1125 in
1471 1089 1653 1136 templum
1701 1113 1703 1119 η

218 1141 415 1176 castrorum
436 1139 691 1183 deduxerunt,
718 1141 916 1176 salutantes
935 1141 1037 1186 supra
1058 1139 1223 1178 modum,
1249 1150 1288 1174 et
1306 1139 1410 1174 laetis
1432 1137 1655 1183 clamoribus

157 1211 198 1247 15
221 1198 488 1236 proiequentes
509 1188 778 1229 Alexandrum,
803 1191 853 1233 m)
878 1189 999 1233 spreto
1021 1189 1292 1235 propemodum
1314 1186 1656 1229 Antoniquuae

218 1236 283 1274 ille
302 1249 408 1283 aegre
428 1236 567 1279 ferens,
593 1249 706 1286 quum
727 1238 767 1273 in
786 1238 927 1283 templo
949 1237 1144 1273 castrorum
1163 1236 1399 1282 pernouasset
1413 1261 1424 1278 ‚
1454 1237 1565 1277 iratus
1589 1234 1656 1272 mi-

222 1286 375 1327 litibus,
414 1284 554 1327 nutatis
588 1286 651 1333 qui
679 1287 892 1324 Alexandro
922 1287 1230 1325 acclamauerant,
1271 1284 1367 1332 quali
1395 1285 1583 1321 seditionis
1616 1295 1656 1321 et

158 1351 202 1386 16
223 1336 404 1371 tumultus
426 1335 638 1376 autoribus,
664 1333 775 1381 arripi
796 1348 927 1371 ornnes
959 1335 1002 1370 ad
1032 1333 1253 1381 iupplicium
1281 1333 1487 1379 imperauit.
1540 1333 1654 1374 Quod

219 1384 275 1421 illi
306 1395 412 1430 aegre
438 1383 624 1425 ferentes,
650 1385 688 1429 n)
705 1388 817 1431 atque
850 1385 1083 1420 Antoninum
1110 1383 1177 1418 iam
1208 1384 1314 1419 antea
1342 1395 1491 1430 quoque
1527 1381 1655 1429 perofi,

217 1444 335 1482 quum
371 1431 502 1468 tollere
533 1445 553 1468 e
582 1433 706 1469 medio
735 1433 938 1480 principem
965 1432 1209 1468 foediffimum
1257 1442 1452 1478 optarent,

1507 1432 1654 1477 suisque

217 1481 542 1518 commilitonibus
562 1480 658 1516 ferre
677 1481 883 1528 suppetias:
913 1482 980 1517 rati
1001 1483 1071 1515 hoc
1091 1478 1158 1516 effe
1179 1492 1347 1526 tempus,
1392 1479 1508 1527 ipsum
1537 1480 1655 1517 statim

217 1530 455 1568 Antoninum
474 1540 700 1575 matremque
717 1531 950 1566 Soaemidcm
965 1557 975 1571 ,
1004 1533 1114 1576 (quae
1135 1530 1232 1566 forte
1255 1529 1331 1565 illic
1352 1528 1495 1570 aderat,
1535 1539 1656 1577 utpote

220 1590 258 1616 et
276 1578 422 1627 augusta
440 1588 475 1614 et
498 1582 630 1624 mater)
659 1580 946 1616 interfecerunt:
978 1591 1136 1625 cumque
1165 1579 1216 1615 eis
1246 1579 1366 1614 seruos
1395 1578 1655 1625 ministrosque

160 1656 204 1692 ¹7

222 1639 351 1665 omnes
370 1627 568 1669 scelerum,
594 1629 821 1676 quicumque
839 1641 916 1665 tum
939 1629 978 1670 in
1008 1641 1049 1664 ea
1070 1629 1175 1663 castra
1215 1637 1485 1664 conuenerant.

223 1690 340 1715 terum
369 1676 552 1714 Antonini
574 1688 613 1712 et
641 1677 842 1713 Soaemidis
882 1683 1054 1713 cadauera
1085 1676 1259 1712 trahenda
1294 1689 1356 1721 per
1387 1675 1677 1712 contumeliam·

1565 1629 1656 1666 Cae-

159 1751 202 1782 ‚3
223 1726 318 1775 plebi
348 1725 596 1762 tradiderunt:
642 1738 735 1773 quae
754 1728 818 1763 diu
841 1740 904 1773 per
925 1737 1042 1763 totam
1072 1727 1195 1761 vrbem
1229 1738 1368 1771 raptata
1396 1738 1434 1760 ac
1467 1725 1653 1767 dilaniata,

180 1778 183 1781 ’
221 1775 404 1824 postremo
428 1774 465 1809 in
484 1775 623 1810 cloacas
652 1775 790 1810 abiecta
812 1776 916 1814 sunt,
944 1786 985 1810 vt
1006 1774 1092 1810 inde
1115 1774 1252 1810 (cilicet
1271 1775 1310 1810 in
1337 1773 1511 1821 Tyberim
1531 1775 1654 1811 defer-

224 1835 361 1861 rentur.

155 1853 204 1929 gg
226 1874 378 1909 diximus

415 1822 475 1858 Sic
493 1823 710 1859 Antoninus
733 1825 766 1869 o)
792 1825 1010 1860 sexennium
1028 1823 1184 1868 irnperio
1203 1835 1387 1869 occupato
1401 1850 1410 1865 ‚
1435 1824 1584 1869 vitaque
1614 1833 1656 1859 vt

399 1871 492 1911 asta,
521 1870 625 1908 fimul
645 1884 729 1908 cum
748 1884 863 1909 matre
881 1874 1022 1908 occisus
1045 1873 1104 1907 est.

225 1925 354 1962 drum,
383 1921 640 1958 imueratorem
661 1922 951 1962 consalutatum.
977 1920 1012 1956 in
1032 1921 1149 1956 aulam
1179 1921 1375 1966 palatinam
1406 1921 1656 1963 deduxerunt,

1176 1871 1319 1907 Milites
1345 1884 1466 1908 autem
1492 1873 1656 1910 Alexan·

222 1970 536 2009 adolescentulum
567 1970 791 2012 admodum,
823 1982 933 2015 atque
950 1969 1069 2005 adhuc
1096 1970 1229 2006 matris
1253 1979 1288 2006 et
1316 1968 1441 2012 auiae,
1482 1979 1656 2019 tanquam

219 2022 523 2072 paedagogorum,
550 2020 760 2066 praeceptis
783 2023 1113 2067 obtemperantem-

266 2119 296 2165 l)
320 2119 391 2153 lam
413 2128 486 2163 que
507 2115 611 2152 nullo
624 2117 770 2153 honore
783 2116 916 2154 afficie-

219 2170 325 2205 batur
346 2163 560 2206 Alexander,
587 2177 710 2213 neque
730 2166 767 2202 in
782 2167 914 2203 saluta-

219 2215 407 2255 tionibus,
435 2225 506 2250 nec
525 2225 640 2261 quum
661 2215 699 2251 in
721 2216 913 2261 publicum

220 2263 397 2313 prodiret.
471 2267 521 2298 At
555 2262 690 2299 milites
717 2264 823 2300 illum
857 2278 915 2301 re-

218 2313 439 2361 quirebant.
497 2310 752 2358 indignantes,
812 2315 913 2362 quod

219 2360 376 2407 imperio
412 2358 626 2405 priuaretur.
699 2361 914 2408 Qinetiam

219 2411 353 2448 samam
377 2428 415 2437 —
441 2407 535 2452 quasi
555 2421 638 2445 mox
657 2410 744 2447 effer
761 2412 914 2449 moritu-

219 2471 281 2497 rus
303 2459 409 2494 Alex.
434 2476 473 2483 -
495 2456 611 2504 Steph.

269 2509 318 2555 m)
341 2518 423 2553 erga
442 2505 679 2542 Antoninum
699 2518 821 2544 autem
841 2521 911 2545 ne-

219 2556 424 2608 gligentius
445 2553 479 2588 se
505 2564 687 2599 gerentes.
721 2558 840 2601 Steph.

268 2609 306 2650 n)
329 2601 561 2641 Antoninum
581 2603 661 2639 aliis
682 2603 752 2641 iam
772 2607 818 2641 de
830 2618 910 2643 cau-

217 2654 260 2689 sis
282 2651 417 2701 peroli,
446 2661 561 2696 quum
581 2664 601 2686 e
628 2654 750 2689 inedio
780 2655 912 2691 tollere

217 2706 502 2753 nupt-satorem.
535 2701 689 2747 turpiter
714 2701 749 2739 se
786 2715 915 2753 geren—

1575 2084 1587 2101 ἵ·

965 2128 1062 2157 tem,
1090 2115 1251 2157 vellent,
1291 2126 1371 2152 tum
1405 2128 1495 2154 vero
1524 2115 1658 2163 suppe-
1699 2111 1707 2142 ἰ

965 2166 1032 2202 tias
1054 2165 1163 2202 etiam
1182 2164 1347 2202 serendas
1372 2164 1437 2206 iis,
1471 2163 1533 2211 qui
1555 2176 1658 2201 coin·
1705 2181 1707 2183 ¹

965 2215 1312 2263 prehendcbantur,
1338 2212 1592 2254 existimarent,
1619 2223 1680 2254 et,

965 2265 1072 2301 valde
1093 2274 1343 2309 opportunum
1367 2273 1515 2309 tempus
1531 2260 1658 2300 iustam
1701 2291 1705 2294 »

966 2325 1037 2361 que
1055 2311 1280 2347 occasionem
1309 2311 1440 2347 habere
1475 2310 1535 2346 fibi
1555 2309 1659 2348 vide·
1706 2323 1707 2328 ¹

966 2373 1115 2398 rentur:
1148 2371 1185 2396 et
1213 2359 1327 2407 ipsum
1356 2358 1591 2396 Antoninum
1620 2369 1660 2396 et
1706 2384 1707 2389 ,

963 2422 1116 2446 matrem
1129 2407 1357 2445 Soaemidem
1383 2407 1525 2452 (aderat
1544 2405 1657 2452 enim,

962 2470 1094 2505 vtpote
1113 2468 1151 2494 et
1170 2457 1313 2505 augusta
1335 2468 1372 2493 et
1386 2460 1515 2499 mater)
1541 2457 1657 2493 inter·
1697 2481 1701 2484 -

963 2508 1106 2544 ficiunt.
1137 2507 1253 2556 steph.

1006 2558 1039 2603 o)
1067 2555 1140 2591 Alii
1170 2555 1302 2602 partim
1330 2553 1545 2596 biennium,
1578 2564 1658 2601 par-

961 2606 1026 2643 tiin
1067 2604 1294 2647 triennium,
1358 2602 1506 2649 quidam
1545 2602 1656 2640 etiam

963 2653 1254 2700 quadriennium
1303 2649 1546 2699 Heliogabalo
1588 2650 1655 2691 tri·

966 2701 1263 2753 buuntimperii.
1303 2702 1447 2741 Menam.
