1707 3029
485 137 801 185 LIBER
885 139 980 186 vn.
1395 151 1490 194 113

49 262 206 294 tenens.
232 249 272 289 in
291 250 387 290 hane
409 249 632 288 sententiam
652 251 761 288 verba
786 249 903 289 fecit:
930 252 962 288 E
977 249 1107 288 duobus
1122 251 1314 298 periculis,
1346 262 1493 299 quorum
1517 261 1558 289 rt

46 304 200 341 alterum
217 298 381 350 praesens
400 300 690 349 manifestumque
705 327 714 342 ,
741 301 893 338 alterum
905 326 916 343 ‚
933 301 1104 346 futurum
1118 299 1280 346 foifitan
1293 324 1302 341 ‚
1330 301 1493 348 dubiique

46 362 192 389 euentus
207 375 218 392 .
242 351 435 399 eligendum
451 350 521 386 tibi
538 350 636 385 hodie
653 352 870 385 alterutrum
892 349 939 399 est
952 363 963 384 .·
993 359 1036 386 vt
1053 361 1116 386 aut
1134 363 1195 385 nos
1206 360 1307 397 teque
1324 362 1399 386 vna
1412 350 1490 398 ser-

47 414 132 443 ves,
158 409 194 436 et
206 398 302 448 spem
321 399 518 441 meliorem,
541 412 610 447 qua
627 411 741 435 omnes
752 401 856 445 freti
877 400 1009 448 sumus,
1035 399 1261 445 ampteflaris
1275 424 1284 440 ‚
1312 407 1377 434 aut
1404 400 1492 434 iam-

45 451 120 486 iam
140 448 268 495 nostris
284 448 443 484 manibus
459 449 628 484 intereas.
705 449 856 500 Qeodfi
868 451 901 494 e)
919 448 1061 498 potiora
1080 449 1269 489 malueris,
1303 449 1417 484 multa
1445 450 1498 484 acl
1515 460 1557 490 12

40 497 136 547 spem
154 501 276 534 bonam
291 497 346 545 f)
379 498 516 533 viatica
535 496 622 534 iiam.
674 499 796 545 quippe
814 496 962 546 inuisum
983 498 1136 534 omnibus
1154 497 1407 537 Maximinum,
1434 507 1494 547 pe-

33 547 193 599 stemque
202 545 297 582 istam
316 544 564 593 crudeliffimae
583 548 790 594 tyrannidis
807 546 914 590 mlier,
941 548 1123 594 vitamque
1141 548 1292 583 antehac
1306 548 1494 593 praeclare

2 608 8 613 ·
45 597 114 634 tibi
135 596 275 638 uolam,
302 595 432 645 illustri
442 596 564 645 gloria
583 597 797 632 cumulabis:
842 597 1078 645 maximosque
1103 611 1125 632 a
1158 596 1286 644 senatu
1304 597 1493 644 populoque

48 646 142 683 Rom.
168 646 314 681 honores
334 659 377 681 ac
403 644 652 694 sempiternam
671 648 806 682 laudem
827 646 1050 692 nancisceris.
1112 646 1174 682 Sin
1202 658 1285 681 vero
1314 646 1492 688 abnueris,
1515 664 1557 702 ¹3

44 707 90 732 ac
109 694 282 731 nobiscum
300 692 503 744 conspirare
518 696 786 744 per-negaueris,
814 695 959 731 iamiam
979 705 1014 732 te
1035 695 1090 732 hic
1111 696 1408 737 obtruncabimus,
1434 702 1490 730 at-

49 756 116 794 que
135 744 201 792 ipſs
216 757 346 794 quoque
369 744 424 790 (st
438 746 651 792 oportuerit)
675 744 779 791 occiso
799 745 868 781 tibi
887 746 1127 781 immoriemur
1191 752 1231 790 q)
1259 745 1383 781 Maius
1394 757 1492 779 nam-
1516 763 1560 798 14

48 805 116 842 que
128 793 280 839 facinus
299 790 521 842 asfisumus,
545 807 646 842 quam
666 803 708 831 vt
719 794 816 843 salui
835 794 896 843 {ffb
913 795 1011 830 citra
1028 788 1302 844 desperationem
1320 791 1489 843 poffimus.

49 845 148 880 lacet
176 845 266 880 enim
286 844 492 889 tyrannidis
527 843 707 892 minister..
754 844 889 891 luitque
913 852 1044 892 poenas
1072 845 1321 884 crudelitatis,
1365 842 1493 893 nostris
1517 860 1558 894 15

48 904 142 930 nunc
165 902 276 943 nuper
294 893 454 928 manibus
477 894 722 942 interemptus.
773 893 1001 943 Qapropter
1016 893 1058 939 fi
1078 892 1290 942 corffense1·i.r
1309 894 1494 933 nobiscum,
1516 902 1560 936 16

49 952 157 990 atque
175 942 214 977 in
228 951 371 991 partem
393 942 629 990 periculorum
654 941 832 991 acc-ffris
845 968 855 985 ‚
893 955 967 978 cum
987 942 1058 992 ipfi·
1075 943 1236 978 honorem
1257 943 1400 991 imperii
1418 954 1492 977 con.

46 990 230 1040 sequeris,
259 1001 331 1027 tum
348 991 440 1038 quod
458 1005 518 1028 nos
529 991 679 1037 facinus
694 992 1001 1040 perpetrauimus,
1027 993 1064 1040 h)
1085 993 1188 1028 laude
1197 1005 1300 1040 quam
1323 991 1494 1040 supplicio

53 1040 198 1088 dignum
218 1040 456 1089 reputabitur,
507 1042 605 1077 Dum
630 1041 718 1076 haec
741 1041 906 1089 loquitur
925 1041 1162 1084 adolescens,
1196 1043 1397 1088 impatiens
1418 1054 1497 1075 mo-
1521 1070 1565 1103 ¹7

54 1101 116 1127 rae
135 1102 274 1127 caetera
296 1089 523 1133 multitudo,
549 1102 666 1138 quum
686 1089 835 1135 quidem
855 1093 988 1128 eodem
1012 1090 1083 1126 iam
1102 1091 1236 1127 ciuitas
1254 1089 1437 1129 vniuersa.
1458 1101 1497 1125 re

55 1139 218 1187 vulgata,
245 1138 495 1181 concurrisset,
523 1140 758 1175 Gordianum
776 1138 971 1176 vnanimes
990 1140 1178 1188 augustum
1197 1140 1396 1188 appellant.
1423 1139 1498 1180 me,
1523 1169 1537 1194 ι

54 1188 226 1236 quamuis
255 1189 435 1224 recusaret
456 1200 495 1223 ac
517 1188 739 1224 senestutem
763 1189 1008 1230 obtenderet,
1052 1200 1174 1225 tamen
1204 1190 1333 1235 suapte
1369 1199 1498 1223 natura

55 1237 196 1285 gloriae
213 1236 378 1276 auidior,
408 1237 506 1274 haud
525 1249 629 1285 aegre
652 1237 803 1274 tandem
824 1239 1006 1274 honorem
1024 1237 1204 1284 suscepit:
1234 1238 1374 1274 malens
1397 1237 1500 1283 futu-

53 1297 137 1322 rum
156 1284 242 1323 dein
263 1297 372 1332 quam
395 1287 562 1332 praesens
582 1286 654 1322 iam
678 1286 885 1333 periculum
906 1286 1036 1323 subire.
1091 1285 1196 1323 fimul
1211 1297 1332 1323 aetate
1356 1286 1425 1322 iam
1438 1297 1502 1320 ex-

53 1334 128 1371 aaa
149 1334 301 1371 minime
324 1336 564 1372 recusandum
585 1337 760 1382 putabat,
807 1334 901 1384 quin
939 1335 980 1382 (si
1009 1334 1058 1373 ita
1083 1349 1140 1372 res
1171 1336 1354 1383 posceret)
1386 1334 1500 1371 eriam

53 1383 304 1430 imperatoriis
322 1384 529 1420 honoribus
549 1385 823 1421 immoreretur.
876 1384 988 1433 Igitur
999 1385 1119 1422 statim
1139 1378 1356 1422 tumult'uari
1375 1383 1499 1420 omnis

53 1432 199 1474 Africa,
222 1431 448 1482 sublatisque
466 1433 660 1471 Maximini
680 1433 887 1470 honoribus
898 1435 1068 1472 ciuitates
1088 1436 1286 1483 pleraeque
1317 1434 1496 1482 imagrnes

54 1479 240 1519 Gordiani
258 1494 300 1517 ac
319 1481 448 1520 statuas
470 1496 623 1530 ponere.
684 1484 756 1521 Sed
778 1496 863 1521 eum
888 1496 1042 1533 quoque
1070 1498 1089 1520 a
1111 1486 1147 1520 se
1179 1483 1497 1532 cognominarunt

51 1531 280 1570 Africanum.
332 1543 417 1568 nam
438 1533 504 1581 qui
534 1533 579 1570 ad
607 1532 802 1571 meridiem
829 1534 967 1583 Libyes
996 1534 1187 1577 habitant,
1213 1532 1298 1572 Afri
1329 1534 1497 1570 Romana

55 1592 152 1619 voce
177 1592 456 1629 nuncupantur.

1522 1418 1566 1453 19

723 1683 791 1721 VI.

57 1778 144 1848 At
163 1777 398 1823 Gordianus,
425 1779 574 1830 aliquot
592 1780 671 1820 dies
689 1780 843 1832 Thystri
865 1791 1133 1824 commoratus,
1162 1793 1236 1831 qua
1254 1780 1294 1817 in
1316 1778 1406 1816 vrbe
1417 1778 1509 1815 haee

166 1830 240 1866 asta
261 1828 431 1871 fuerant,
456 1842 597 1868 nomen
617 1830 854 1879 imperatoris
873 1830 944 1869 iam
971 1831 1188 1880 cultumque
1217 1841 1371 1880 gerens,
1419 1829 1513 1864 Car-2

59 1877 253 1927 rhaginem
272 1878 536 1926 proficiscitur:
587 1882 617 1929 i)
645 1880 734 1919 vtin
755 1880 910 1919 ciuitate
930 1880 1108 1924 maxima,
1135 1891 1176 1918 ve
1199 1879 1268 1930 ipse
1288 1889 1417 1919 norat,
1445 1889 1506 1912 ce-

59 1927 349 1976 leberrimaque,
374 1930 498 1965 omnia
520 1930 617 1977 quast
643 1933 781 1967 Romae
799 1931 1039 1980 agitarentur.
1100 1930 1291 1979 Siquidem
1325 1929 1408 1965 vrbs
1430 1925 1505 1967 illa,
1525 1943 1547 1968 2

60 1977 121 2013 vel
138 1977 293 2024 Opibus'n
315 1978 372 2013 vel
393 1979 520 2024 populi
541 1979 774 2026 frequentia,
809 1981 869 2017 vel
900 1980 1162 2029 magnitudine
1194 1991 1340 2016 tantum
1366 1979 1507 2014 Rornae

61 2026 298 2067 concedens,
325 2037 411 2062 curn
430 2028 628 2074 Alexan-dri
648 2031 736 2065 vrbe
755 2030 985 2078 Aegyptiaca
1016 2031 1063 2066 de
1083 2029 1242 2065 secunda
1272 2028 1388 2074 palma
1417 2036 1507 2060 con-

63 2072 198 2111 tendit.
249 2076 479 2122 Sequebatur
497 2089 618 2113 autem
641 2077 757 2124 ipsum
778 2076 816 2124 k)
845 2078 1060 2126 principalis
1081 2090 1215 2125 pompa
1235 2077 1381 2117 omnis,
1411 2071 1507 2110 mili·-
1527 2088 1546 2126 3

61 2133 193 2170 tesque
205 2123 418 2172 quicunque
428 2123 593 2166 aderant,
605 2127 838 2173 iuuenesque
850 2128 977 2164 vrbani
991 2139 1144 2174 procera
1157 2126 1304 2167 statura,
1325 2124 1370 2160 ad
1381 2132 1511 2160 eorum

60 2171 365 2215 fimifirudinem,
394 2175 454 2221 qui
477 2175 615 2211 Romae
638 2176 898 2222 imperatorem
915 2176 944 2220 l)
970 2179 1221 2213 comitantur:
1275 2175 1398 2221 virgae
1419 2171 1509 2208 item
1527 2190 1559 2227 4

61 2219 271 2264 laureatae,
301 2234 377 2270 quo
398 2222 530 2273 insigni
551 2224 741 2273 principes
758 2236 777 2261 a
798 2225 955 2274 priuatis
972 2225 1253 2275 dignoscuntur.
1304 2224 1512 2260 Praeterea-

110 2370 146 2416 e)
174 2369 398 2418 praesentia,
424 2372 568 2408 Memm.
815 2371 1203 2410 Pol.subaudiendum
1214 2369 1376 2419 reliquit.
1396 2365 1515 2416 Stepb2

104 2418 161 2465 f)
190 2419 316 2456 Malim
337 2421 573 2464 adminicula,
608 2420 669 2458 vel
699 2421 765 2456 ad·
815 2420 958 2470 Ellipsns
1003 2422 1203 2471 particulae
1254 2420 1368 2468 magis
1409 2416 1517 2463 supra

64 2468 234 2506 iumenta.
282 2469 340 2505 Ad
359 2473 509 2507 verbum
535 2482 661 2508 tamen
680 2469 766 2507 v'ia-
814 2484 976 2520 quoque
986 2473 1043 2510 bis
1061 2485 1079 2508 a
1094 2473 1168 2508 Pol.
1183 2467 1465 2517 vsurpata.Sylb-

66 2517 142 2554 εἰσι
163 2517 269 2555 sonat
289 2519 354 2555 Gr.
378 2532 466 2557 vox.
513 2520 634 2571 Steph.
864 2522 894 2570 i)
920 2523 963 2559 C.
984 2535 1062 2570 pr.,
1086 2534 1195 2570 quam
1224 2520 1293 2556 effe
1321 2518 1519 2554 maximam

111 2569 157 2616 g)
179 2568 262 2604 Auri
280 2568 382 2605 enim
402 2581 479 2605 rem
499 2569 643 2613 sumus,
669 2580 766 2617 quae
815 2571 1088 2619 etpopulosam
1098 2583 1226 2608 norat:
1246 2565 1423 2606 vtomnia
1435 2575 1520 2602 tan-

66 2616 629 2670 maioridesperationeindiget.
647 2621 765 2668 Steph.
816 2632 924 2670 quam
940 2621 1078 2659 Romae
1100 2631 1234 2669 ageret.
1261 2617 1382 2666 Steph-

92 2711 100 2719 ι
116 2664 156 2709 b)
185 2666 264 2701 1³0st
282 2668 385 2702 laude
405 2668 463 2704 vel
484 2670 612 2718 magis,
638 2672 768 2722 velpa·
869 2669 908 2717 k)
936 2671 1173 2718 Imperatoria
1193 2682 1227 2717 p.
1249 2667 1367 2713 Steph-

68 2719 140 2751 τινε
154 2712 307 2763 fortaffe,
331 2728 411 2754 non
439 2719 559 2760 deest,
600 2717 663 2758 sed
688 2718 767 2769 ipse
828 2721 897 2806 ul)
922 2720 1245 2771 antegrediuntur.
1276 2715 1397 2766 Steph-
