1707 3029
199 154 292 198 553
637 143 1173 188 COMMENTARIVS

197 263 414 313 vationes,
441 279 548 319 quae
582 275 670 303 tum
691 264 741 302 ad
763 264 1093 311 emendandum,
1124 274 1214 303 tum
1240 263 1292 302 ad
1317 231 1612 318 eitplicansum

196 320 485 419 {Igffiflifigmm
514 321 652 360 valere
683 320 872 375 peffent,
921 322 1109 377 egregias
1137 320 1302 361 addidit
1331 322 1445 373 Frid.
1485 323 1614 400 Andr.

319 459 399 496 His
427 455 595 497 Latinis
625 458 844 505 accedant,
894 473 1000 513 quae
1027 459 1222 512 praebuit
1249 458 1439 514 Iuglerus
1469 458 1517 498 V.
1549 461 1610 499 D.

199 515 436 568 quondam,
494 516 691 554 nunciata
720 517 899 568 primurn
930 531 1004 570 per
1034 516 1191 555 litteras
1226 516 1473 570 Luneburg.
1504 517 1541 558 d.
1574 527 1614 567 4.

199 573 315 627 Sept,
335 586 451 622 1774.
493 572 653 619 „Sonst
691 572 738 610 ist
768 588 813 612 es
838 574 914 612 mir
934 573 1053 612 recht
1082 572 1380 615 verdriisslich‚
1420 573 1510 612 dass
1536 588 1617 612 uns

197 630 281 682 bey
302 628 519 668 neulicher
536 630 835 680 Unterredung
860 630 977 668 nicht
1009 630 1080 670 der
1113 630 1329 669 Herodian
1361 628 1617 684 eingefallen

198 685 268 733 ist,
299 684 441 724 deffen
463 686 658 741 Ausgabe
680 681 768 725 von
785 687 1048 726 Deroseiben
1071 687 1288 742 gelehrten
1307 686 1616 741 Bemiihungen

201 752 398 782 erwartet
419 743 544 781 wird.
591 768 649 774 -
696 745 784 783 Vor
803 745 1003 798 wenigen
1026 747 1170 799 Tagen
1194 744 1292 783 fahe
1318 744 1386 783 ich
1403 743 1502 783 'hier
1519 743 1614 783 Ioh.

200 799 301 841 Chr,
328 800 526 838 Franckii
557 800 761 843 Biblioth.
796 802 946 840 nouiss'.
978 801 1198 841 Obseruat.
1233 816 1279 840 ac
1306 801 1614 840 Recenfionum

197 856 334 896 Halae
359 867 479 909 1719.
502 865 540 910 4.
577 859 745 897 worinn
768 860 848 896 mir
879 874 919 912 p.
946 860 1036 913 156.
1068 858 1258 898 defectus
1283 869 1325 898 et
1346 858 1472 897 naeui
1492 873 1615 912 quam

199 914 371 968 plurimi
401 915 445 952 in
467 914 669 953 Potitiani
702 916 889 966 versione
910 915 1168 962 Herodiani,
1210 915 1297 953 und
1327 931 1369 968 p.
1404 916 1497 965 164.
1531 915 1618 954 Ob-

200 971 379 1010 seruatio
400 971 593 1011 historica
618 973 668 1011 de
692 973 817 1012 variis
839 972 1096 1012 editionibus
1116 972 1351 1011 Herodiani
1373 973 1614 1011 vorkamen.

199 1030 259 1068 Es
289 1029 402 1067 kann
434 1028 562 1081 seyn,
612 1029 701 1067 dass
729 1029 868 1069 Ihnen
903 1030 1017 1070 diese
1052 1029 1212 1068 Stellen
1252 1029 1476 1068 entwischt
1504 1029 1618 1075 find;

200 1086 428 1140 deswegen
446 1087 563 1141 zeige
581 1086 649 1124 ich
673 1087 726 1125 [ie
749 1102 814 1125 an.
884 1087 1111 1127 'Vielleicht
1134 1086 1274 1125 haben
1304 1087 1358 1126 fie
1386 1086 1469 1139 bey
1497 1088 1618 1125 Deru

198 1143 426 1181 Vox-haben
456 1144 626 1198 einigen
656 1145 842 1183 Nutzen.
896 1168 953 1175 —-
1013 1148 1084 1194 (et
1116 1143 1155 1182 d.
1189 1154 1251 1190 17.
1285 1145 1400 1184 Nou.
1430 1145 1482 1182 ei.
1518 1147 1617 1193 an.)

200 1203 308 1240 Zum
331 1200 549 1239 Herodian
593 1224 650 1231 —
699 1201 855 1256 erfolgt
875 1201 1053 1253 hier-bey
1072 1201 1167 1240 eine
1188 1211 1360 1256 getreue
1376 1231 1386 1249 ,
1431 1216 1516 1240 von
1537 1200 1619 1237 mir

200 1256 416 1304 revidirte,
451 1258 588 1312 Copie
608 1273 680 1296 aus
702 1259 899 1297 Franckii
919 1258 1029 1301 Bibl.
1053 1257 1202 1297 nouiff.
1226 1270 1304 1300 etc.
1338 1282 1395 1288 —
1430 1259 1488 1297 Es
1507 1257 1619 1297 wird

200 1315 280 1352 mir
301 1314 537 1368 angenehm
555 1315 683 1368 seyn,
726 1330 854 1355 wenn
884 1316 1022 1355 Ihnen
1055 1314 1166 1354 diense
1185 1314 1344 1355 Bh'itter
1372 1315 1618 1370 einigerma-

199 1372 292 1411 ssen
312 1374 467 1410 niitzen
489 1373 677 1410 konnen.
694 1379 721 1396 “
753 1395 810 1402 ——
836 1374 922 1411 Iam
945 1373 995 1411 ad
1021 1372 1208 1411 libellum
1224 1402 1235 1418 ‚
1276 1372 1357 1411 alia
1376 1387 1502 1410 manu
1522 1387 1618 1411 exa-

199 1439 361 1475 ratum,
391 1427 584 1482 Iuglerus
606 1428 807 1467 alleuerat
839 1430 884 1466 in
915 1431 1056 1467 fronte
1099 1428 1249 1474 ‚,Bibl.
1273 1428 1423 1466 nouiff.
1447 1428 1546 1468 Obs.
1571 1443 1619 1467 ac

198 1487 303 1524 Rec.
337 1500 433 1524 cura
466 1485 558 1524 Ioh.
585 1483 822 1537 Christoph.
850 1486 1040 1531 Franck,
1093 1486 1126 1524 I.
1149 1486 1198 1523 V.
1221 1487 1280 1524 D.
1315 1485 1449 1524 Halae
1469 1485 1617 1540 Magd-

206 1552 327 1592 1718.
350 1542 395 1580 in
418 1549 499 1592 4⁴⁶
541 1543 585 1581 it.
630 1557 722 1590 „ex
745 1542 941 1582 sectione
959 1543 1032 1582 IV.
1060 1556 1101 1595 p.
1131 1542 1265 1596 136.“
1326 1543 1444 1581 Dein
1474 1542 1620 1597 [eque-

198 1599 351 1639 bantut
369 1598 473 1638 haec
488 1614 496 1637 :
910 1606 914 1611 ’
1552 1596 1555 1601 ’

202 1733 283 1776 De
324 1724 611 1793 Defeccibus
649 1746 707 1773 ac
741 1730 954 1783 Naeuis,
993 1726 1160 1788 quibus
1197 1728 1470 1774 H'erodiani
1497 1731 1553 1774 V
1551 1746 1619 1789 er·->

194 1793 300 1863 fio,
347 1796 408 1842 ab
439 1798 639 1860 Angelo
677 1797 927 1842 Politiano
963 1797 1233 1851 adornata,
1281 1814 1429 1857 quam
1465 1797 1617 1859 pluri-

204 1868 293 1912 mis
312 1861 502 1931 scatet,
546 1860 836 1930 Obsermztio
865 1866 1080 1914 Criticcz5
1118 1881 1175 1910 ac
1197 1865 1256 1909 de
1284 1866 1434 1910 variis
1455 1866 1619 1911 editio-

374 1933 510 1979 nibus
546 1934 820 1979 Ilerodiani
862 1929 1150 1998 Obseruatio
1186 1927 1448 2002 Historica,
1612 1941 1617 1944 '

201 2051 244 2091 p.
274 2036 368 2083 156.
486 2034 660 2073 BTireris
690 2032 885 2079 fortalse,
924 2032 1080 2079 lector,
1123 2027 1223 2086 quid
1244 2033 1314 2077 fit,
1354 2032 1492 2087 quod,
1524 2049 1618 2073 cum

424 2101 488 2130 tot
517 2090 698 2129 summae
729 2091 978 2129 eruditionis
1013 2090 1106 2128 Viri
1138 2090 1395 2143 extiterint‚'
1414 2092 1488 2144 qui
1519 2091 1619 2131 AN·

205 2151 350 2189 GELI
369 2148 680 2188 POLITIANI
702 2162 894 2201 operam,
945 2162 1066 2200 quam
1090 2146 1334 2186 Herodiano
1367 2148 1410 2186 in
1442 2147 1618 2186 latinum

204 2205 497 2246 transferendo
525 2204 753 2259 praestitit,
797 2206 1004 2258 egregiam
1037 2203 1202 2257 prorsus
1235 2218 1281 2242 ac
1306 2204 1428 2243 cedro
1448 2204 1617 2257 dignam

205 2263 512 2309 iudicauerint,
553 2277 665 2300 nunc
698 2262 862 2299 demum
892 2264 1054 2315 lutgat,
1097 2261 1171 2314 qui
1193 2260 1376 2299 hominis
1399 2260 1617 2314 elegantis-

205 2321 292 2359 fimi
327 2319 522 2358 laudibus
552 2318 793 2366 detrahere,
836 2329 876 2357 et
906 2317 1134 2356 verfionem
1165 2328 1227 2356 tot
1253 2316 1508 2355 eruditorum
1532 2317 1617 2357 elo·

207 2378 287 2430 giis
334 2377 593 2416 decantatam
638 2374 798 2429 virgula
847 2375 1030 2414 censoria
1074 2373 1344 2428 perstringere
1393 2387 1479 2412 non
1526 2389 1617 2414 eru.

204 2433 357 2472 bascat.
419 2434 554 2487 Quam
587 2431 766 2471 friuolae
797 2431 1112 2471 obtrectationis
1140 2444 1191 2468 ne
1221 2440 1379 2468 temere
1412 2431 1617 2471 incurram

204 2489 508 2543 suspicionem,
563 2489 663 2528 scias
706 2489 859 2533 velim,
911 2487 1035 2542 plane
1066 2501 1157 2526 cum
1190 2486 1240 2524 iis
1266 2501 1332 2525 me
1365 2487 1615 2533 consentire,

206 2547 277 2600 qui
298 2547 677 2586 POLITIANVM
699 2540 927 2599 nolitiffimi
951 2544 1189 2595 interpretis
1219 2558 1392 2583 munere
1421 2546 1614 2584 functum
1678 2563 1679 2567 ¹
1704 2556 1707 2582 ῑ

204 2602 451 2643 existimant.
521 2606 626 2641 Tam
658 2604 767 2641 enim
797 2603 987 2641 nanuum
1019 2600 1173 2654 vbique
1204 2600 1354 2648 decus,
1395 2611 1506 2640 tanta
1538 2601 1617 2642 [ει-

200 2661 338 2699 monis
369 2659 527 2698 castitas
559 2660 723 2704 elucet,
784 2668 829 2696 vt
857 2672 942 2695 non
977 2667 1060 2695 tam
1097 2657 1350 2696 transtuliss'e
1379 2658 1615 2698 Herodiani

197 2716 480 2771 pulcherrima
501 2730 624 2771 opera
639 2747 648 2762 ,
700 2729 824 2769 qnam
847 2713 1053 2753 latinitate
1079 2728 1220 2753 reuera
1243 2714 1411 2755 donass‘e
1429 2745 1440 2764 ‚
1482 2715 1611 2755 immo
