1707 3029
218 107 286 157 68
402 99 909 152 HERODIANI
970 99 1453 146 HISTORIAE

160 228 204 270 1‘4
219 216 356 272 ri'isque
386 222 540 272 piHuris
569 212 791 259 exornatum.
841 216 896 265 f)
919 214 1030 262 Infra
1060 227 1147 253 vero
1188 215 1356 256 alterum,
1394 213 1658 259 minusculum»—

220 274 359 323 quidem
383 272 527 322 positum
548 271 595 321 est
610 296 621 313 ,
647 267 715 317 sed
721 268 850 315 forma
879 276 914 302 et
933 276 1063 302 ornatu
1083 265 1278 313 persimile,
1296 265 1416 314 portis
1440 263 1627 312 ianuisque

218 322 437 372 patentibus.
491 320 714 365 Tertiumque
733 318 818 352 item
837 325 872 351 et
885 325 1053 364 quartum
1065 315 1205 364 semper
1223 317 1268 363 g)
1279 315 1463 364 superiore
1479 322 1627 350 contra-

224 372 339 407 Hius:
363 383 404 406 ac
425 369 583 418 deinceps
602 369 676 404 alia
688 393 697 408 ,
724 367 829 401 donec
846 366 897 400 ad
915 374 1121 405 extremum,
1149 365 1242 413 quod
1257 364 1304 413 est
1323 364 1473 409 omnium
1491 360 1626 411 breuis-

144 463 151 467 ,
164 431 205 466 15
214 422 365 468 fimum,
388 420 631 468 perueniatur.
684 411 786 460 Poffis
805 413 878 450 eius
894 413 1047 461 aedificii
1056 413 1220 460 formam
1238 421 1444 459 comparare
1461 411 1627 448 turribus

189 512 196 515 „
225 470 292 511 his,
313 480 401 517 quae
413 469 576 516 portibus
596 466 836 504 imminentes,
874 463 975 499 nolite
1002 463 1083 510 igne
1107 464 1294 512 praelato,
1331 473 1439 498 naues
1465 461 1504 495 in
1528 469 1630 495 tutas

165 519 393 570 16stationes
411 518 576 566 dirigunt
594 530 605 549 :
625 514 761 564 pharos
782 512 887 560 vulgo
907 521 952 560 ap
977 513 1099 548 ellant.
1149 512 1271 560 Igitur
1288 511 1373 547 leHo
1393 507 1630 557 infecundum

227 567 490 605 tabernaculum
501 565 638 615 sublato
653 590 663 606 ,
701 570 867 599 aromata
885 571 920 597 et
951 560 1129 605 ufflmema
1148 561 1260 609 omnis
1275 560 1420 608 generis
1433 582 1444 600 ,
1480 557 1630 604 frue‘t‘us

228 617 421 665 herbasque
435 642 446 659 ‚
461 614 643 664 succosque
660 623 772 651 omnes
789 610 952 647 odoratos
968 612 1181 658 conquirunt
1192 634 1204 652 ,
1228 619 1335 657 atque
1354 607 1551 645 aceruatim
1567 604 1631 652 ef·-

167 674 212 708 17
226 666 400 713 fundunt.
450 665 574 715 quippe
593 674 700 711 neque
711 673 802 711 gens
822 654 869 708 est
892 672 1002 708 neque
1020 660 1150 696 ciuitas
1162 684 1173 701 ‚
1197 671 1306 706 neque
1329 658 1391 706 qui
1410 657 1539 693 honore
1557 655 1632 692 vllo

230 725 293 752 aut
311 714 490 763 dignitate
507 712 722 761 praecellat,
747 709 834 758 quin
859 709 1026 746 certatim
1049 717 1116 758 pro
1138 707 1178 756 se
1204 709 1348 757 quisque
1368 707 1536 757 suprema
1565 705 1636 741 illa

169 765 212 800 18
232 777 376 800 munera
394 763 570 812 principis
589 761 712 796 honori
728 756 908 805 deferant.
970 759 1036 794 Vbi
1057 771 1142 794 vero
1164 759 1286 805 ingens
1302 765 1504 794 aromatum
1528 758 1634 791 aser-

231 825 296 848 vus
313 811 471 861 ‘aggestus
490 810 557 860 est,
580 824 621 846 ac
640 810 732 846 locus
752 808 862 844 omnis
877 809 1059 855 expletus,
1094 816 1167 843 tum
1192 807 1291 843 circa
1317 806 1511 854 aedificium
1543 803 1642 840 illud

171 864 214 899 ¹9
233 863 464 910 adequitant,
489 860 660 906 vniverfis
682 856 851 906 equestris
868 857 1006 893 ordinis
1025 866 1126 893 certa
1147 857 1298 904 quadam
1319 856 1392 903 lege
1409 867 1452 890 ac
1470 851 1635 899 recursu,

233 922 394 959 motuque
406 910 612 958 pyrrhichio
631 916 854 954 numeroque,
876 907 915 942 in
933 907 1048 943 orbem
1061 905 1340 941 decurrentibus.
1388 905 1524 940 Currus
1547 903 1635 938 item

233 959 384 998 decenti
405 959 567 995 similiter
586 957 719 994 ordine
734 956 1040 1004 circumaguntur,
1067 949 1178 1003 inseffi
1191 953 1406 1003 purpuratis
1423 952 1636 993 rectoribus,

235 1010 296 1059 qui
310 1007 477 1058 personas
488 1006 641 1052 feram,
662 1017 755 1053 quae
765 1005 910 1042 habent
928 1004 1107 1052 imagines
1140 1005 1179 1046 h)
1199 1005 1319 1038 ducum
1338 1003 1487 1039 omnium
1506 1003 1637 1038 Roma-2

168 1067 218 1093 20
236 1070 358 1095 norum
372 1058 640 1106 principumque
660 1054 857 1104 illustrium.
907 1055 1008 1103 Quae
1028 1054 1090 1090 vbi
1107 1053 1285 1090 celebrata
1296 1051 1402 1100 sunt,
1430 1052 1555 1098 facem
1573 1063 1636 1086 ca·

169 1117 213 1141 21
231 1104 291 1158 pit
328 1107 470 1156 imperii
495 1104 684 1154 succ-ffr,
717 1116 859 1153 eamque
878 1104 1108 1140 ‘tabernaculo
1142 1102 1313 1139 admouet.
1369 1101 1458 1137 Tum
1499 1100 1637 1136 caeteri

234 1169 349 1193 omnes
363 1157 517 1205 ‘undique
535 1155 649 1202 ignem
662 1152 877 1201 subiiciunt:
904 1152 1096 1200 cunHaque
1114 1152 1210 1188 illico
1222 1175 1232 1190 ‚
1250 1147 1444 1198 fonzitibus
1461 1150 1535 1186 illis
1557 1149 1638 1185 ari-

168 1214 213 1238 22
234 1207 290 1241 dis
310 1204 614 1250 odoramentisque
640 1202 807 1249 referta,
844 1200 921 1249 igni
938 1202 1058 1236 valido
1086 1201 1346 1248 corripiuntur.
1397 1201 1488 1236 Mox
1513 1200 1558 1234 ab
1578 1209 1640 1233 ex·

235 1265 345 1291 tremo
363 1254 572 1300 minimoque
591 1252 818 1287 tabernaculo
830 1276 839 1292 ‚
865 1259 1035 1297 tanquam
1056 1262 1072 1284 e
1085 1248 1241 1297 fastigio
1261 1249 1421 1296 quodam,
1436 1249 1547 1296 stmul
1560 1259 1638 1283 cum

170 1308 215 1346 23
229 1302 380 1352 subiec‘i'o
400 1302 478 1351 igni
494 1300 678 1337 ascensura
697 1298 735 1334 in
757 1301 943 1336 aetherem
963 1299 1084 1344 aquila
1103 1298 1327 1334 dimittitur.-
1351 1310 1439 1345 quae
1461 1299 1498 1334 in
1509 1298 1640 1333 coelum

235 1352 399 1388 creditur
418 1349 525 1398 ipsam
543 1350 718 1397 principis
748 1350 904 1384 animam
933 1347 1090 1393 deferre.
1139 1361 1182 1384 ac
1206 1348 1279 1384 iam
1305 1360 1350 1383 ex
1374 1347 1435 1384 illo
1462 1359 1536 1384 vna
1563 1357 1641 1382 cum

234 1401 388 1438 caeteris
405 1399 601 1437 numinibus
623 1399 820 1448 imperator
846 1398 989 1434 colitur.

908 1510 975 1551 111.

256 1583 286 1630 i)
301 1581 364 1648 Ita
381 1578 593 1618 consecrato
615 1589 783 1627 parente,
809 1577 942 1616 reuerfi
967 1577 1118 1615 domum
1137 1577 1306 1620 iuuenes,
1334 1575 1533 1614 discordias
1545 1588 1644 1625 quo-7

357 1628 451 1667 tidie
470 1640 507 1665 et
528 1630 729 1666 simultates
746 1640 919 1665 exercere
932 1653 942 1670 ‚
961 1625 1129 1676 *insidiari
1149 1627 1248 1663 inter
1270 1626 1330 1669 se,
1353 1624 1492 1668 moliri,
1518 1637 1644 1674 parare

175 1675 222 1722 “2
241 1679 415 1716 omnibus
434 1677 579 1719 modis,
605 1690 717 1726 atque
737 1690 776 1713 ea
798 1676 913 1713 modo
932 1685 1092 1723 vterque
1119 1676 1158 1712 in
1184 1675 1308 1712 animo
1337 1676 1472 1712 habere
1503 1675 1644 1723 quibue

243 1729 334 1766 alter
354 1727 441 1764 dolo
463 1737 677 1775 caperetur:
713 1726 897 1775 postremo
919 1737 1142 1772 quacunque
1161 1725 1220 1761 via
1240 1723 1383 1774 grassari
1403 1725 1447 1762 ad
1466 1723 1645 1774 singulare

243 1776 454 1825 imperium,
477 1789 518 1812 ac
541 1776 634 1812 nihil
654 1776 815 1813 inuicem
829 1774 1139 1823 praetermittere,
1160 1774 1248 1811 dum
1267 1774 1476 1811 consortem
1490 1772 1645 1820 potest&

204 1838 224 1878 3
244 1827 292 1864 tis
320 1836 588 1874 expungerent.
648 1826 721 1862 Sed
745 1835 784 1861 et
809 1836 954 1861 mentes
981 1823 1173 1870 animique
1206 1822 1376 1859 omnium
1403 1824 1644 1865 vrbanorum.

245 1875 458 1923 quicunque
485 1874 630 1910 honore
655 1874 780 1921 aliquo
807 1885 872 1910 aut
891 1872 1072 1922 dignitate
1100 1870 1340 1919 praestarent,
1371 1871 1504 1908 diuersi
1524 1871 1645 1918 trahe-3

244 1927 399 1964 bantur,
437 1935 597 1972 vtroque
620 1922 778 1960 seorsum
798 1923 921 1959 literas
942 1921 1155 1959 clanculum
1173 1920 1389 1964 miffitante,
1425 1921 1646 1969 magnisque

204 1994 227 2029 4
244 1972 578 2021 pollicitationibus
597 1970 660 2009 fibi
678 1970 851 2009 homines
870 1971 1110 2020 adiungente.
1160 1967 1283 2019 Major
1312 1969 1464 2009 tandem
1497 1981 1579 2018 pars
1596 1969 1645 2009 ad

245 2023 381 2060 Getam
400 2021 594 2070 spectabat,
623 2018 661 2069 k)
681 2020 785 2069 quod
802 2020 1024 2069 opinionem
1044 2020 1266 2057 nonnullam
1287 2018 1500 2057 ostenderet
1517 2019 1647 2068 probi-

285 2137 331 2185 s)
358 2139 450 2175 Non
469 2138 599 2186 infra,
621 2136 685 2176 sed
696 2137 830 2187 supra,
870 2136 924 2174 le·

248 2186 370 2234 gendo
389 2187 443 2224 ἐπ’
460 2187 508 2226 ἐκ.
529 2199 569 2225 et
588 2187 698 2235 paulo
727 2186 805 2235 post
822 2186 923 2235 infe-

249 2237 368 2276 riore,
395 2247 475 2271 non
487 2235 679 2284 superiore.
732 2236 851 2285 Steph-

291 2285 334 2331 g)
364 2283 558 2320 inferiore.
610 2286 750 2321 Memm.

302 2333 338 2375 h)
363 2331 612 2369 Romanorum
633 2336 824 2377 omnium,
857 2332 924 2382 qui

252 2379 411 2429 gloriose
442 2382 664 2417 exercitibus
685 2383 925 2429 praefuerunt

251 2438 317 2465 aut
338 2439 561 2476 regnarunt,
582 2432 640 2466 vel
662 2431 842 2468 exercitus
860 2432 929 2468 du-

252 2487 399 2513 xerunt.
454 2478 645 2519 Quoniam
667 2490 789 2516 autem
804 2480 841 2516 in
854 2479 927 2528 pri-

252 2525 310 2562 ori
335 2536 437 2572 parte
456 2525 598 2562 mentio
621 2525 662 2563 fit
682 2531 803 2565 ducum
823 2541 926 2565 exer-

252 2574 364 2614 citus,
392 2575 483 2613 idco
505 2574 542 2612 in
562 2575 752 2622 posteriori
770 2590 843 2614 vox
860 2578 930 2613 Im-

250 2624 434 2670 peratoris
457 2623 569 2669 polita
591 2636 668 2659 non
691 2624 788 2667 fuit,
810 2628 854 2662 ad
871 2627 927 2664 vi-

254 2672 401 2710 tandam
430 2671 716 2720 ambiguitatem.
761 2675 879 2723 steph.

1021 2139 1051 2186 i)
1079 2137 1208 2186 Qum
1234 2135 1336 2174 hunc
1353 2115 1647 2174 eonsecratioixis

972 2187 1159 2225 honorem
1185 2183 1250 2222 filii
1280 2184 1421 2233 parenti
1449 2182 1650 2232 praestitis-

972 2237 1067 2279 sent,
1094 2236 1138 2272 ad
1158 2235 1296 2284 regiam
1317 2234 1401 2271 sunt
1418 2232 1557 2270 reversi.
1587 2233 1648 2270 Ab

971 2286 1039 2323 illo
1077 2294 1202 2321 autem
1236 2293 1408 2328 tempore
1441 2279 1647 2318 seditiones
1692 2281 1702 2296 ‘²

971 2334 1070 2372 inter
1082 2333 1178 2375 illos,
1207 2331 1292 2368 odia
1309 2328 1509 2367 etinfidiae
1519 2341 1645 2368 etant:

972 2381 1147 2420 omnibus
1164 2379 1285 2418 modis
1305 2392 1466 2417 conante
1483 2391 1646 2428 utroque

970 2431 1122 2470 fratrem
1152 2442 1173 2466 e
1191 2428 1315 2466 medio
1338 2428 1492 2471 tollere,
1532 2440 1648 2477 atque⁸

971 2480 1016 2517 ad
1033 2479 1068 2515 se
1087 2479 1204 2518 solum
1224 2477 1423 2526 imperium
1441 2478 1646 2517 traducere.

970 2529 1086 2622 sug,-
1111 2575 1213 2625 quod
1258 2575 1417 2623 speciem
1460 2550 1646 2623 quandim
1705 2582 1707 2588 ·

973 2626 1169 2675 probitatis
1187 2637 1273 2672 prae
1293 2625 1327 2662 se
1347 2625 1484 2665 ferret,
1510 2636 1550 2660 ac
1568 2636 1647 2660 mo.

973 2677 1142 2715 deratum
1160 2675 1198 2714 se
1217 2674 1419 2724 leuemque
1438 2673 1484 2712 ad
1496 2673 1534 2712 se
1546 2685 1648 2717 aocet
