1748 3017
241 127 300 158 ω
442 100 943 168 HERODI'ANI
995 110 1476 175 HISTORIAE

169 240 212 272 19
234 216 413 274 roir'ca
433 224 549 262 inscio
567 221 710 272 negotii
729 223 843 260 totius
856 221 1028 264 Perenni,
1053 234 1094 258 ac
1113 233 1190 259 turn
1209 220 1302 258 nihil
1325 220 1446 257 minus
1457 220 1672 269 expeaanti'

165 289 215 316 20
234 276 387 314 submiffi
416 275 525 310 nonu
556 287 573 309 a
606 273 816 310 Commodo
844 271 994 319 quidam
1020 283 1132 317 caput
1159 270 1421 307 absciderunt:
1445 271 1479 315 c)
1509 270 1664 320 iussique

231 325 349 364 statim
377 324 420 360 ad
444 323 539 359 illius
561 321 676 359 filium
699 333 862 369 pergere,
890 333 1004 368 quum
1024 320 1118 371 nihil
1136 320 1180 356 ad
1200 319 1425 356 celeritatem
1444 319 1507 356 sibi
1526 319 1665 368 reliqui
1683 335 1687 337 ’

229 373 410 414 fecissent,
438 373 546 408 etiam
566 383 729 407 rumores
750 372 954 418 famamque
975 382 1116 410 eorum,
1142 381 1234 417 quae
1253 369 1392 404 Romae
1410 368 1538 411 essent,
1559 368 1664 417 prae-

230 433 429 461 uenerunt.
482 419 507 456 ii
527 419 655 456 amicas
675 420 708 456 ei
738 420 857 455 literas
877 420 920 454 ab
941 418 1160 465 imperatore
1180 417 1442 460 reddiderunt,
1468 429 1563 466 quae
1584 430 1663 454 ma·

163 479 207 505 21
231 484 302 522 gna
323 469 507 518 proposita
534 469 597 516 spe
616 470 767 505 Romam
788 467 923 504 reuerti
944 469 1130 504 iubebant.
1186 467 1277 514 Ergo
1303 477 1342 502 et
1371 465 1603 508 consiliorum
1621 477 1664 504 et

229 521 351 558 omnis
379 519 456 555 eius
487 521 649 564 parrum,
666 517 847 564 postremo
875 517 1017 562 paterni
1045 517 1141 553 casus
1169 516 1337 564 ignarus,
1365 527 1478 562 quum
1504 515 1669 564 'quidam‘

228 569 353 606 nuntii
376 567 598 606 diffitarent.
625 567 733 602 etiam
758 566 918 611 paternis
942 565 1054 612 ipsum
1077 565 1194 601 verbis
1218 566 1349 601 acciri:
1369 566 1408 612 d)
1431 565 1494 612 qui
1516 579 1563 602 ne
1581 565 1660 614 ipse

230 618 380 666 quidem
401 617 555 653 scribere
584 614 853 662 supersedisset,
879 612 946 651 nisi
966 615 1049 650 satis
1067 615 1247 650 momenti
1267 612 1662 662 habiturasimperato·

159 676 207 700 22
228 668 297 705 rias
315 667 436 703 literas
456 663 704 701 existimasset:
729 663 887 699 credidit
905 662 1081 700 videlicet
1098 663 1325 699 adolescens:
1351 674 1388 698 et
1404 663 1570 710 quamuis
1583 661 1661 705 ini-

229 729 303 765 quo
324 715 446 750 animo
466 713 580 750 ferret
605 711 830 760 interpellari
857 712 916 749 sua
935 711 1081 749 consilia
1095 736 1105 752 ‚
1127 723 1252 748 tamen
1281 722 1431 759 paterna
1451 705 1568 749 fretus
1593 719 1659 760 p'o-

158 772 205 807 23
229 765 359 804 tentia,
386 775 494 811 quam
513 762 582 803 esse
603 763 721 799 adhuc
743 761 966 797 incolumem
986 763 1160 809 putabat,
1191 762 1235 798 ad
1264 761 1425 798 reditum
1453 761 1488 797 se
1509 770 1659 808 compar·

157 823 206 857 24
228 825 293 850 rat.
343 814 439 849 Tum
463 810 598 847 deinde
615 822 657 847 vr
678 810 801 859 attigit
815 809 967 856 ltaliam,
996 823 1061 858 per
1075 823 1150 851 eos,
1164 811 1295 858 quibus
1313 810 1511 859 negotium
1529 811 1659 847 datum

224 861 359 901 fuerat,
388 860 581 897 occiditur.
634 862 747 896 Hunc
766 859 818 894 illi
832 859 980 895 >exitum
1001 860 1221 895 habuerunt.
1272 860 1351 895 Post
1371 861 1461 896 haec
1481 861 1660 896 Commo-

222 912 291 948 dus
311 911 404 945 duos
424 908 617 945 constituit
637 908 836 956 praestitos
851 933 861 950 ‚
890 908 1008 945 tutius
1027 907 1110 943 fore
1138 919 1233 945 ratus
1260 920 1402 945 tantam
1427 908 1527 945 illam
1549 919 1659 956 pote-

220 960 346 996 statem
367 971 442 994 non
468 957 530 993 vni
550 959 727 994 duntaxat
747 958 917 994 credere.
945 957 1007 993 sed
1029 957 1209 994 dissectam
1233 958 1271 994 in
1291 970 1427 1007 partes,
1456 956 1668 1007 imbecilli-'

221 1021 324 1046 orem
343 1021 386 1045 eo
415 1006 519 1054 paisto
539 1009 571 1054 e)
600 1018 729 1044 contra
748 1006 957 1056 principem
979 1006 1142 1044 reddere.

218 1138 386 1206 Verum
406 1137 503 1173 haud
521 1136 636 1184 longe
653 1135 742 1182 post,
764 1137 854 1174 aliae
876 1136 916 1173 in
946 1136 1050 1174 illum
1075 1137 1329 1175 huiuscemodi
1352 1138 1502 1177 insidiae
1531 1138 1660 1176 inten-

177 1201 199 1226 2
312 1187 460 1223 duntur.
522 1187 714 1222 Maternus
740 1198 817 1222 erat
845 1186 995 1234 quidam
1010 1187 1065 1234 f)
1089 1186 1194 1222 miles
1230 1188 1344 1224 multa
1373 1189 1479 1225 ausus
1506 1188 1658 1227 nefaria.

221 1240 254 1273 Is
273 1248 426 1282 repente
447 1234 598 1271 desertis
627 1233 743 1270 castris
772 1248 883 1282 atque
903 1235 1045 1283 aliquot
1069 1235 1110 1272 in
1143 1236 1358 1273 societatem
1387 1237 1659 1274 commilitoni-

222 1289 288 1323 bus
309 1285 441 1325 ascitis²
468 1296 635 1331 magnam
658 1284 891 1329 perditorum
919 1297 1068 1320 manum
1097 1286 1199 1321 breui
1228 1288 1449 1334 collegerat,
1477 1286 1655 1333 vicosque

180 1345 201 1383 3
224 1334 343 1383 primo
362 1345 400 1368 et
422 1344 524 1381 agros
544 1332 795 1378 populabatur.
819 1335 952 1381 Magna
971 1333 1108 1370 deinde
1129 1335 1308 1380 pecuniae
1333 1334 1367 1370 vi
1387 1334 1552 1377 collesta,
1571 1336 1656 1382 plu·

222 1396 279 1420 res
297 1382 466 1428 quotidie
486 1381 547 1417 sibi
569 1394 610 1417 ex
629 1381 844 1418 facinorosis
867 1383 1085 1429 copulabat:
1119 1384 1376 1432 pollicensque
1392 1384 1558 1432 ingentia
1577 1383 1656 1420 cui-

221 1444 295 1479 que
314 1444 448 1479 operae
469 1429 595 1478 pretia,
615 1440 651 1465 et
672 1429 710 1466 in
731 1431 883 1477 praedae
904 1432 1204 1470 communionem
1222 1432 1402 1474 inuitans,
1429 1446 1475 1469 eo
1495 1446 1570 1469 rem
1590 1433 1655 1468 ad-

221 1479 340 1522 duxit,
361 1491 402 1516 vt
420 1493 496 1515 non
518 1480 586 1515 iam
605 1479 788 1516 latronum
807 1480 867 1516 sed
887 1480 1093 1527 (iustorum)
1119 1481 1275 1518 hostium
1298 1484 1478 1519 haberent
1497 1481 1655 1519 austori-

179 1540 202 1573 4
222 1542 343 1567 tatem.
407 1529 557 1576 Qippe
587 1539 735 1576 magnas
776 1530 885 1565 etiam
913 1531 1019 1566 vrbes
1048 1532 1297 1576 occupabant:
1330 1530 1557 1580 effraffisque
1583 1543 1660 1578 per.

221 1580 294 1615 vim
324 1579 548 1617 carceribus,
592 1579 759 1622 captiuos
785 1578 859 1614 sine
896 1577 1107 1615 discrimine
1147 1592 1275 1615 omnes
1311 1580 1474 1617 vinculis
1511 1580 1654 1617 exime-

219 1630 321 1669 bant,
349 1639 489 1673 cosque
512 1625 572 1661 sibi
596 1626 818 1672 impunitate
847 1640 885 1663 ac
905 1626 1094 1670 beneficiis
1113 1629 1376 1676 adiunge-bant.
1429 1630 1654 1676 IgiturGal-

218 1675 306 1713 liam
325 1689 475 1711 omnem
502 1687 613 1721 atque
642 1676 851 1721 Hispaniam
876 1675 1074 1713 incursibus
1103 1677 1307 1720 vastabant,
1333 1690 1371 1715 et
1398 1690 1438 1715 vt
1464 1684 1660 1726 quamque.

221 1739 264 1761 ex
283 1725 420 1772 magnis
447 1723 593 1760 vrbibus
624 1726 660 1760 vi
688 1737 873 1770 ceperant,
896 1727 939 1773 g)
967 1725 1115 1762 incensa
1136 1727 1353 1775 direptaque
1379 1728 1551 1775 protinus
1577 1729 1652 1765 abi·

180 1781 198 1815 5
222 1776 318 1810 bant.
356 1775 464 1815 Quae
485 1774 543 1808 vbi
559 1774 787 1810 Commodus
809 1774 1001 1822 cognovit,
1017 1775 1217 1813 refforibus
1239 1777 1408 1824 gentium
1430 1777 1556 1824 plenas
1578 1778 1652 1813 irae

220 1835 328 1871 atque
356 1823 536 1858 minarum
566 1822 684 1858 mittit
714 1824 903 1870 epistolas,
925 1823 1100 1870 castigans
1130 1836 1167 1861 et
1195 1826 1375 1872 ignauiam
1403 1829 1648 1874 exprobrans:

177 1872 199 1904 6
221 1871 317 1908 simul
342 1884 550 1917 comparare
568 1870 737 1908 aduersus
761 1872 845 1908 illos
865 1872 1068 1909 exercitum
1087 1872 1283 1920 imperans.
1304 1877 1435 1922 *Qod
1454 1876 1516 1912 vbi
1537 1876 1653 1912 latro·
1679 1904 1685 1909 a

216 1933 281 1957 nes
305 1932 550 1966 acceperunt,
575 1920 829 1958 decedendum
849 1920 911 1958 fibi
941 1934 985 1957 ex
1013 1920 1088 1958 illis
1114 1923 1327 1971 regionibns
1356 1924 1446 1966 rati,
1472 1924 1564 1961 clam
1583 1937 1659 1974 per,

215 1970 292 2007 auia
311 1971 486 2018 quaedam
509 1969 750 2017 compendia,
781 1969 938 2008 seorsum
965 1969 1024 2007 alii
1046 1972 1090 2008 ab
1112 1973 1212 2014 aliis,
1237 1972 1278 2009 in
1303 1974 1449 2012 ltaliam
1467 1987 1652 2024 peruene-

1003 2090 1036 2136 e)
1062 2089 1106 2126 ad
1125 2089 1270 2135 imperii
1284 2089 1557 2140 appetitionem
1568 2092 1657 2141 red-f

259 2087 292 2133 c)
317 2084 464 2121 Deinde
486 2084 600 2120 mittit
619 2085 904 2132 quamprimum,

954 2136 1054 2175 dere.
1082 2140 1220 2176 Memm.

213 2132 258 2168 ad
287 2146 471 2170 rumorem
502 2147 650 2176 eorum,
688 2147 780 2182 quae
813 2136 902 2172 saeta

214 2193 338 2221 crant.
366 2183 694 2226 anteuertcndum,
720 2184 783 2230 qui
805 2186 903 2221 ccle-

212 2230 307 2266 tiore
328 2231 431 2267 cursu
451 2232 698 2273 contendant,
725 2245 763 2268 ct
783 2234 902 2279 super·
991 2220 1045 2268 f)
1074 2221 1178 2257 miles
1198 2222 1348 2270 qni'dem
1368 2234 1486 2266 ame&
1506 2222 1567 2259 sed
1582 2225 1648 2272 qni

210 2279 338 2315 uenire
359 2277 434 2314 silio
453 2280 626 2315 Perennis
648 2282 790 2327 possint,
811 2283 898 2320 dum

211 2327 350 2368 adhuc,
375 2339 467 2371 quac
490 2328 627 2364 Romae
646 2331 898 2378 contigerunt,

208 2377 364 2423 ignorat.
429 2377 580 2423 Scriptis
625 2379 732 2414 ctiam
768 2381 899 2417 litteris

209 2424 356 2466 amicis,
382 2425 512 2469 quibus
534 2424 635 2460 illum
666 2428 726 2464 sub
746 2428 804 2474 spe
826 2443 898 2465 ma-

208 2472 288 2508 iore
308 2475 425 2510 arcessi
445 2487 461 2508 a
475 2475 509 2510 sc
530 2474 767 2516 dicit‚vcnire
784 2477 896 2516 iubet.

206 2524 323 2570 Sta-ph.

255 2574 294 2615 d)
322 2571 386 2615 qui
406 2570 495 2605 nihil
515 2570 709 2619 scripsisset,
724 2578 821 2619 quod
845 2591 898 2614 re.

209 2619 275 2666 giis
298 2619 381 2654 essct
412 2618 546 2654 litteris
567 2632 787 2662 contentus:
819 2639 898 2664 cre-

209 2667 303 2706 didit
333 2679 422 2705 caet.
452 2670 569 2719 Steph.

950 2271 1066 2307 multa
1084 2270 1161 2306 nef.
1188 2271 1291 2308 ausus
1310 2282 1399 2308 erat.
1423 2273 1454 2307 1s
1475 2285 1550 2320 rep,
1571 2273 1648 2309 des.

949 2331 980 2355 c.
1001 2330 1112 2366 atque
1136 2318 1240 2361 aliis,
1265 2319 1330 2365 qui
1364 2331 1403 2356 et
1433 2319 1497 2367 ipsi
1521 2322 1655 2360 eadem

949 2379 1213 2415 perpetrarant,
1245 2368 1283 2404 in
1305 2367 1413 2417 fugae
1430 2369 1653 2419 societatem¹

946 2416 1078 2458 ascitis,
1107 2429 1253 2453 manum
1277 2419 1485 2461 hominum,
1507 2421 1570 2468 qui
1593 2420 1658 2457 fa-‘

948 2464 1106 2501 cinorosi
1182 2477 1309 2509 erant,
1391 2467 1491 2506 brevi
1558 2471 1644 2509 coll.

947 2515 1066 2564 Sec-ph.
1442 2531 1446 2537 “
1649 2519 1652 2522 ’

949 2579 1036 2676 μέν)
1051 2578 1193 2678 §parlim
1213 2579 1373 2625 incensa,
1397 2585 1527 2632 partim
1548 2584 1645 2624 dire.
