1707 3029
459 114 779 163 LIBER
868 114 1019 163 ΙΙΙ.

1379 116 1443 176 65

44 233 140 276 baris
159 233 415 272 Romanorum
433 231 526 270 fines
543 230 811 273 disterminant,
840 242 987 280 pugnae
998 231 1177 278 quaedam
1189 232 1454 272 tumultuariae

44 284 186 322 fiebant
206 296 246 320 et
266 283 522 322 excursiones,
551 281 691 317 vitlore
708 280 848 328 vbique
868 282 1049 317 Romano.
1112 284 1310 319 Caeterum
1329 283 1451 321 facilis
1473 294 1516 329 19

3 372 6 373 ⁷
43 345 124 370 erat
149 346 192 370 ex
222 333 308 381 fuga
337 343 508 379 receptus
539 330 715 366 barbaris:
752 330 892 377 quippe
914 329 1013 366 inter
1030 329 1148 378 syluas
1168 344 1209 367 ac
1231 333 1382 379 paludes
1412 344 1451 369 et

6 379 9 383 ⁴
40 383 125 420 loca
146 381 228 429 ipsis
248 381 430 418 notiffima
449 377 763 417 delitescentibus.
815 380 920 426 Qae
946 380 1072 417 omnia
1091 380 1269 418 Romanis
1287 382 1450 426 aduersa,
1469 390 1517 417 20

24 443 183 469 'moram
200 430 299 468 bello
317 430 513 468 addebant.

0 611 5 616 ·
39 595 195 664 Interea
217 595 410 635 Seuerum,
431 592 501 629 iam
522 590 738 628 consenum
757 591 874 636 senio,
902 591 1054 641 longior
1067 591 1197 629 inuafit
1208 594 1374 635 morbus,
1402 592 1449 632 fic

95 657 136 681 vt
155 644 231 691 ipse
249 642 352 681 domi
374 641 528 679 relidere
548 652 658 689 atque
673 641 909 678 Antoninum
933 644 1082 678 mittere
1102 640 1138 677 in
1156 643 1293 679 bellum
1314 643 1357 679 ad
1381 644 1453 680 im?
1493 655 1499 657 ·

39 693 218 742 perator-is
246 692 420 730 obeunda
450 691 577 727 munia
604 702 810 738 cogeretur.
857 692 1054 728 Caeterum
1067 692 1287 728 Antoninus
1309 692 1447 740 q)haud
1469 705 1489 731 2

38 755 269 791 magnopere
289 744 335 778 de
355 740 513 778 barbaris
536 739 722 780 solicitus,
750 740 951 777 exercitum
981 739 1044 776 fibi
1074 740 1274 789 adiungere
1303 753 1341 778 et
1360 754 1451 778 con·

38 790 183 828 firmare
205 790 393 827 vniuersos
413 789 613 830 tendebat,
654 787 708 824 vti
733 788 768 823 se
790 801 902 825 vnum
922 788 1179 830 intuerentur,
1208 790 1274 826 soli
1294 789 1357 826 fibi
1379 792 1450 827 im-

37 842 183 890 perium
197 839 402 881 vindicans,
428 841 464 885 r)
478 849 517 873 ac
530 849 706 886 germano
721 837 965 883 (identidem)
977 839 1196 874 obtrectans.
1248 842 1351 887 Qin
1364 841 1445 877 lon·
1468 855 1488 894 3

39 890 121 938 gior
141 902 292 938 quoque
312 888 423 936 patris
443 887 620 923 valetudo
635 913 645 928 ‚
679 898 720 923 ac
738 888 868 923 mortis
894 899 994 922 mora
1026 886 1259 930 diuturnior,
1296 890 1449 925 anxium

38 938 217 975 videlicet
236 939 513 975 adolescentem
539 936 747 972 habebant:
776 934 821 971 fic
841 948 882 974 vt
901 935 1055 972 medicis
1076 936 1324 985 ministrisque
1351 938 1448 985 (sub·
1466 956 1489 991 4

39 987 150 1035 inde)
177 998 375 1025 conaretur
399 984 636 1034 persuadere,
664 985 788 1022 senem
810 996 850 1021 vt
868 998 888 1021 e
908 985 1034 1022 medio
1054 987 1326 1033 quamprimum
1356 999 1449 1035 quo·

39 1049 116 1083 quo
139 1037 253 1073 modo
276 1038 473 1073 tollerent:
499 1034 624 1070 donec
641 1034 791 1069 tandem
813 1037 983 1075 Seuerus,
1012 1047 1182 1071 moerore
1203 1036 1315 1084 magis
1336 1048 1447 1084 quam
1469 1051 1489 1088 ς

38 1088 173 1123 morbo
198 1086 454 1131 consumptus,
479 1082 632 1130 vitaque
653 1083 846 1120 defunftus
869 1083 931 1126 est,
959 1083 1170 1120 clariffimus
1192 1085 1360 1122 omniurn
1384 1086 1445 1122 im·

39 1147 254 1184 peratorum
289 1133 430 1170 bellicis
461 1132 648 1179 operibus,
701 1134 838 1179 Neque
871 1133 974 1168 enim
1000 1143 1063 1168 aut
1100 1132 1231 1169 ciuiles
1254 1136 1447 1183 quisquam
1467 1142 1490 1176 6

39 1184 212 1221 aduersus
241 1182 437 1224 inimicos,
476 1193 541 1219 aut
567 1192 734 1216 externas
762 1180 932 1216 aduersus
962 1182 1141 1217 barbaros>
1161 1182 1319 1220 totidem
1354 1184 1449 1220 alius

39 1232 212 1270 vistorias
231 1231 449 1278 reportauit.
496 1228 690 1276 Annisque
703 1228 967 1276 duodeuiginti
988 1229 1086 1278 gesto
1107 1230 1263 1277 imperio
1288 1233 1448 1274 deceffit,
1467 1244 1491 1278 7

36 1282 295 1320 succefforibus
325 1281 448 1318 liberis
482 1279 684 1315 iumnibus»
722 1288 825 1314 tanta
852 1278 1030 1325 pecuniae
1066 1279 1185 1316 relicia
1219 1281 1290 1316 illis
1328 1282 1450 1327 copia,

37 1343 212 1380 quantam
233 1341 339 1367 antea
357 1340 468 1364 nemo
482 1352 493 1368 ,
527 1337 608 1364 tum
629 1328 809 1374 ampliore
830 1328 1005 1368 exercitu,
1044 1340 1153 1375 quam
1183 1330 1242 1366 cui
1278 1330 1449 1367 obsistere

37 1381 108 1416 vlla
131 1380 186 1416 vis
206 1378 335 1426 poss'et.
387 1378 499 1426 Igitur
519 1376 763 1419 Antoninus,
788 1389 938 1413 mortuo
960 1380 1113 1418 Seuero,
1140 1377 1316 1416 summam
1338 1392 1446 1428 pote·
1467 1390 1488 1425 3

35 1430 163 1465 starem
193 1428 340 1467 nactus.
367 1425 560 1463 confestim
595 1426 787 1462 vniuersos
817 1428 860 1462 ab
883 1425 962 1471 ipio
989 1426 1109 1473 (quod
1141 1430 1262 1476 aiunt)
1289 1430 1364 1466 iare
1391 1429 1447 1466 in—

35 1476 204 1515 terficere
224 1477 362 1525 coepit.
414 1479 511 1512 Nam
531 1486 569 1511 et
591 1476 756 1512 medicos
783 1475 966 1522 supplicio
996 1474 1145 1517 affecit,
1180 1477 1282 1524 quod
1300 1478 1364 1515 fibi
1386 1491 1446 1526 pa·
1465 1492 1487 1527 9

34 1537 117 1564 rum
136 1528 509 1574 obtemperauerant,
535 1525 681 1562 iubenti
703 1525 909 1572 maleficium
928 1525 1075 1571 aliquod
1087 1527 1302 1570 admittere,
1333 1538 1370 1564 et
1393 1527 1446 1563 se-

35 1576 98 1613 nis
118 1588 300 1613 maturare
322 1588 474 1612 necem:
500 1573 752 1620 nutritiosque
771 1577 855 1609 {uos
873 1573 974 1610 iuxta
992 1585 1031 1610 et
1048 1574 1207 1617 fratris,
1223 1577 1257 1622 s)
1276 1577 1379 1624 quod
1400 1577 1449 1614 de

36 1625 326 1662 reconciliandis
349 1625 522 1673 egissent:
550 1637 600 1660 ne
619 1636 694 1659 vno
716 1623 867 1671 quidem
891 1625 1038 1670 reliquo
1059 1625 1141 1660 luae
1159 1626 1371 1663 crudelitati
1390 1626 1450 1663 fa-

32 1674 107 1715 fro,
142 1689 188 1713 ex
210 1687 254 1711 eo
273 1675 406 1711 ordine
426 1673 639 1714 hominum,
658 1672 722 1721 qui
744 1673 782 1708 in
801 1673 949 1709 honore
970 1670 1094 1720 aliquo
1117 1672 1279 1718 fuerant,
1307 1677 1463 1724 quique.
1511 1706 1521 1709 ,

32 1723 146 1771 ipfius
169 1734 359 1771 parentem
380 1724 682 1761 obseruauetant.
733 1723 863 1758 Duces
882 1734 993 1769 porro
1015 1723 1200 1760 exercitus
1214 1726 1353 1774 magnis
1364 1738 1439 1763 mu-
1465 1736 1512 1763 ιο

32 1773 186 1811 neribus
205 1786 246 1809 ac
268 1773 451 1821 promiffis
470 1772 734 1809 adhortabatur
747 1796 760 1814 ,
793 1771 1056 1819 persuaderent
1074 1771 1282 1816 militibus,
1324 1774 1380 1811 vti
1406 1774 1444 1812 se

80 1870 120 1921 q)
147 1871 239 1908 Ant.
263 1871 311 1908 de
331 1870 401 1914 iis,
428 1882 520 1919 quae
539 1868 715 1907 aduersus

29 1920 203 1958 barbaros
215 1921 375 1969 gerenda
398 1931 516 1961 erant,
544 1931 625 1955 non
641 1919 713 1954 val-

30 1970 79 2014 de
100 1969 310 2015 laborabam
336 1969 396 2016 sed
410 1968 635 2005 exercituum
652 1969 715 2004 be-

30 2017 287 2054 nevolentiam
300 2017 363 2055 fibi
384 2017 583 2067 adjungere
602 2029 715 2053 cona-

30 2067 152 2107 batur,
170 2078 208 2102 et
225 2079 355 2103 omnes
376 2069 419 2103 ad
440 2065 714 2114 respiciendum

31 2115 206 2154 seunum
226 2115 467 2155 sollicitabat;
511 2127 626 2150 toram
647 2114 711 2148 im-

29 2165 126 2213 perii
160 2165 380 2213 dignitatem
424 2164 558 2212 quouis
598 2162 713 2199 modo

30 2213 218 2254 ambiens,
248 2225 287 2250 et
310 2213 459 2251 fratrem
484 2211 713 2248 criminatio-

27 2263 141 2300 nibus
161 2262 198 2298 in
220 2262 397 2299 invidiam
420 2261 619 2299 adducens.
648 2263 712 2297 At-

30 2323 108 2360 que
128 2311 222 2349 adeo
245 2311 322 2358 ipse
346 2322 468 2358 patet,
493 2311 556 2347 diu
578 2321 707 2359 aegro-

31 2372 114 2398 tans
133 2361 227 2398 etad
250 2372 408 2397 mortem
429 2359 625 2402 cunstans,
650 2360 707 2395 vel

30 2410 129 2447 mori
151 2411 345 2450 cuntians,
386 2412 443 2446 vel
473 2412 516 2446 ad
548 2421 705 2446 mortem

29 2459 139 2497 lento
161 2459 274 2508 gradu
295 2458 497 2500 incedens,
534 2458 651 2508 gravis
672 2458 703 2493 ei

32 2520 142 2555 atque
154 2509 325 2546 molestus
346 2509 552 2545 videbatur.
591 2519 706 2555 quare

31 2558 186 2596 medicis
224 2570 265 2594 ac
292 2558 464 2594 ministris
493 2557 708 2604 persuadere

33 2608 247 2649 conabatur,
274 2617 316 2643 ut
326 2607 476 2655 aliquod
489 2605 708 2642 maleficium

33 2654 127 2692 eirca
149 2656 245 2694 senis
265 2655 519 2692 uastationem
539 2654 710 2693 admitte·

32 2715 141 2756 tent5
173 2716 216 2743 ut
255 2705 366 2744 citius
405 2718 451 2744 eo
482 2705 709 2744 liberaretur.

764 1869 909 1906 Verum
930 1880 1055 1907 tamen
1084 1871 1244 1909 Severus
1266 1873 1326 1910 vix
1357 1885 1445 1911 tan·
1462 1883 1474 1887 ·“

764 1919 849 1956 dem
867 1918 942 1954 vita
965 1919 1161 1956 defunc'tus
1180 1921 1243 1964 est,
1269 1936 1446 1961 moerore

764 1979 893 2016 magna
906 1981 951 2005 ex
963 1980 1065 2015 parte
1075 1971 1303 2008 consumtus:
1319 1973 1444 2008 omni-

763 2019 853 2060 bus,
887 2018 951 2066 qui
972 2029 1135 2065 vnquam
1155 2018 1332 2061 fuerunt,
1367 2023 1445 2057 lm·-

764 2067 998 2112 peratoribus
1049 2078 1171 2103 terum
1228 2069 1443 2107 bellicarum

764 2114 882 2163 gloria
900 2113 1090 2162 superatis.
1140 2116 1257 2165 Steph.

809 2166 849 2206 r)
871 2174 1068 2210 germano:
1096 2163 1182 2212 quia
1207 2164 1348 2203 scilicet
1360 2166 1442 2213 Bas-

762 2210 883 2248 fianus
912 2212 1049 2247 Marcia
1072 2224 1184 2251 natus
1214 2225 1316 2259 erat,
1343 2216 1442 2254 Geta

762 2273 852 2297 vero
863 2261 966 2297 Iulia.
1016 2262 1159 2299 Memm.

810 2312 843 2356 s)
872 2310 1048 2358 quoniam
1068 2324 1154 2348 eum
1175 2312 1355 2350 instanter
1373 2314 1441 2351 ob.

759 2360 1004 2402 testabantur,
1041 2363 1084 2398 ut
1117 2361 1161 2397 ad
1197 2362 1439 2400 concordiam

757 2407 914 2446 veniret.
962 2410 1086 2458 Atque
1106 2411 1200 2448 adeo
1217 2413 1360 2449 nullum
1380 2412 1439 2450 su·

758 2458 894 2507 pereffe
914 2456 995 2497 livit
1017 2471 1163 2504 eorum,
1193 2460 1257 2508 qui
1281 2462 1320 2497 in
1344 2461 1436 2498 hon.

758 2508 804 2544 al.
825 2507 988 2550 fuerant,
1015 2520 1080 2554 aut
1098 2510 1221 2547 senem
1240 2509 1357 2558 ipsum
1371 2511 1438 2547 ob·

757 2557 953 2594 servarant.
1005 2558 1235 2595 Politianum
1266 2572 1345 2596 non
1373 2560 1437 2608 qui

759 2606 934 2691 que,bsed
966 2607 1029 2658 qui
1052 2621 1097 2646 ve
1123 2607 1292 2658 scripliffe
1324 2620 1436 2658 puto.

759 2658 840 2705 Step
867 2683 876 2693 .

795 2754 826 2792 Β
