1707 3140
619 131 932 177 LIBER
1008 129 1039 172 1.
1499 140 1558 188 ις

117 258 160 284 ιο
180 243 220 283 in
243 244 448 294 publicum,
472 244 693 292 plerumque
715 242 896 292 temporis
916 242 955 279 in
987 240 1203 279 suburbanis
1233 252 1296 279 aut
1324 240 1362 278 in
1385 240 1572 291 principa-

118 293 215 333 libus
244 294 402 343 praediis
424 293 550 341 procul
574 295 617 331 ab
638 295 728 331 vrbe
751 293 991 330 consumere:
1021 290 1201 329 abstinere
1220 292 1371 339 prorsus
1398 293 1441 329 ab
1459 291 1570 330 iuris-

117 344 295 388 diffluae,
318 343 499 390 omnique
521 342 600 380 astu
623 342 880 391 imperatorio.

225 488 230 490 -
810 462 889 498 ΧΗ.
1567 426 1588 437 Ι

119 528 213 598 Per
238 529 338 567 idem
358 538 506 577 tempus
535 527 681 570 accidit,
708 537 748 564 vt
768 527 901 577 ingens
920 526 1062 566 ltaliam
1090 525 1244 574 quidem
1275 523 1484 561 vniuersam
1508 535 1574 571 pe-

200 578 360 617 stilentia
391 589 615 626 occuparet:
644 577 706 614 sed
728 578 769 614 in
798 578 991 616 ciuitatem
1013 577 1217 613 Romanam
1240 573 1500 611 vehementius
1520 585 1574 610 ta-

120 640 210 667 men
232 628 408 670 saeuiret,
433 638 564 674 vtpote
593 639 688 676 quae
717 637 757 663 et
783 639 848 674 per
866 628 903 664 se
925 626 1066 676 populo
1097 624 1327 664 abundaret,
1355 635 1394 660 et
1413 623 1574 659 aduenas

121 690 210 716 toto
237 679 328 715 orbe
351 677 584 714 confluentes
607 676 808 725 exciperet.
861 679 985 718 Quare
1015 686 1145 724 magna
1172 673 1430 711 iumentorum
1460 684 1572 720 atque
1593 694 1616 721 2

119 727 321 764 hominum
340 726 469 775 strages
488 726 697 764 consecuta.
749 727 849 762 Tum
880 726 1110 763 Commodus
1139 722 1215 767 (ita
1247 723 1388 761 scilicet
1419 722 1575 768 quidam

119 775 329 826 medicinae
352 776 458 824 periti
487 775 761 822 persuaserant)
790 776 1017 812 Laurentum
1045 773 1196 815 secessit,
1224 775 1255 820 t)
1282 772 1382 819 qnod
1401 770 1574 819 frigidior
1595 790 1617 829 3

121 839 164 863 ea
185 825 289 875 regio
315 823 371 867 sit,
398 825 588 875 syluisque
608 839 628 862 e
651 825 756 862 lauru
778 826 973 873 permultis
992 836 1127 872 opaca:
1155 835 1172 858 a
1191 835 1266 872 quo
1287 822 1399 859 etiam
1428 818 1576 868 regioni

120 873 287 912 inditum
316 888 470 912 nomen.
521 875 658 911 Valere
686 874 788 912 enim
821 875 1023 922 plurimum
1049 873 1216 914 aiebant,
1243 873 1286 909 ad
1315 871 1405 907 aeris
1426 871 1576 907 euitan-

122 924 208 961 dam
230 924 506 975 contagionem,
535 937 620 964 cum
639 927 773 961 odores
794 925 980 961 lautorum
994 950 1003 965 ,
1030 935 1110 960 turn
1130 921 1288 970 ipsarum
1306 919 1576 957 amoenitatem

123 976 350 1013 vmbrarum.
401 973 583 1021 roirca
605 974 642 1009 in
663 973 738 1021 ipsa
759 985 913 1021 quoque
932 974 1035 1015 vrbe,
1050 973 1096 1009 de
1118 971 1349 1007 medicorum
1374 968 1572 1012 sententia,
1593 991 1617 1026 4

121 1022 294 1072 plerique
315 1024 514 1071 vnguentis
533 1023 743 1060 suauiffimis
764 1035 868 1059 nares
888 1034 998 1070 atque
1017 1033 1118 1059 aures
1139 1021 1355 1068 opplebant,
1375 1019 1575 1066 suffituque

124 1083 166 1109 et
184 1073 438 1110 odoramentis
460 1072 592 1110 allidue
614 1074 825 1114 Vrebantur,
853 1073 953 1120 quod
974 1084 1114 1109 meatus
1134 1070 1307 1107 sensuum
1333 1074 1399 1112 (vr
1420 1067 1572 1116 quidam
1596 1088 1618 1125 ς

125 1122 276 1170 dicunt)
301 1121 478 1160 odoribus
494 1122 567 1158 illis
594 1121 779 1169 occupati,
803 1133 928 1170 neque
950 1120 1150 1157 admittant
1177 1125 1258 1156 a'e'ra
1281 1117 1494 1160 tabificum,
1522 1128 1577 1159 et,

125 1171 153 1209 fi
182 1170 343 1209 maxime
372 1170 609 1212 admiserint,
642 1183 768 1208 tamen
797 1183 881 1207 eum
910 1170 1049 1206 maiore
1076 1169 1174 1217 quali
1206 1168 1239 1204 vi
1268 1169 1381 1217 longe
1401 1165 1576 1214 superari.

127 1221 327 1258 Caeterum
350 1214 474 1256 nihilo
496 1219 610 1257 secius
640 1221 791 1258 morbus
810 1222 847 1267 u)
878 1219 1155 1268 ingrauescere,
1185 1217 1433 1264 hominesque
1455 1215 1575 1263 paffim
1597 1230 1622 1264 6

126 1280 166 1307 et
188 1280 320 1318 pecora
348 1268 448 1306 inter
475 1268 651 1315 homines
682 1269 859 1318 agitantia
887 1269 1054 1305 interire.
1118 1268 1189 1305 Sed
1219 1280 1257 1304 et
1290 1265 1405 1303 fames
1443 1267 1577 1302 eodem
1598 1289 1622 1323 7

126 1329 300 1366 tempore
319 1317 512 1356 ciuitatem
530 1319 766 1367 oppresserat,
789 1319 857 1355 hac
877 1318 924 1355 de
953 1319 1067 1356 causa.
1119 1316 1302 1355 Cleander
1325 1328 1401 1353 erat
1417 1314 1579 1364 quidam,
1601 1335 1623 1367 ς

125 1367 252 1416 Phryx
280 1380 438 1418 genere..
463 1381 507 1405 ex
542 1381 584 1404 ea
614 1381 706 1406 nota
741 1368 953 1411 hominum,
981 1368 1046 1416 qui
1076 1367 1225 1416 publice
1261 1379 1326 1414 per
1354 1377 1580 1412 praeconem

125 1428 308 1455 veneunt.
385 1417 459 1455 Hic
499 1429 616 1466 quum
671 1419 712 1455 in
759 1418 914 1455 domum
967 1416 1243 1465 imperatoriam
1285 1414 1436 1453 seruitio
1492 1416 1584 1451 effen

124 1466 298 1509 traditus,
323 1477 364 1504 et
383 1479 468 1503 cum
486 1467 567 1516 ipso
597 1469 811 1506 Commodo
838 1467 1074 1508 accreuiffet,
1099 1480 1145 1503 eo
1177 1465 1319 1503 scilicet
1350 1463 1505 1501 honoris
1525 1476 1583 1500 at-

124 1527 201 1565 que
221 1516 430 1554 autoritatis
453 1516 648 1565 prouectus
668 1518 719 1555 est
740 1529 780 1555 vt
801 1529 840 1555 et
867 1517 1032 1565 corporis
1054 1514 1256 1553 custodiam
1277 1525 1315 1552 et
1334 1513 1496 1550 cubiculi
1517 1524 1583 1550 cu-

125 1578 228 1610 ram,
254 1576 442 1613 praeterea
469 1566 630 1604 militum
660 1567 926 1615 praefecturam
959 1566 1108 1614 (solus)
1135 1564 1342 1603 obtineret.
1380 1565 1581 1601 Caeterum
1601 1579 1624 1614 9

127 1615 285 1653 diuitiae
313 1628 354 1652 ac
374 1616 501 1659 luxus,
534 1617 648 1653 etiarn
679 1617 784 1654 illum
815 1617 861 1652 ad
882 1616 1031 1664 imperii
1059 1616 1162 1664 spem
1186 1614 1420 1662 instigabant.
1474 1614 1583 1656 Quo-

126 1665 220 1703 circa
251 1665 380 1715 grandi
409 1666 530 1703 coatia
562 1665 719 1714 pecunia
750 1664 953 1714 plurimum
977 1664 1161 1703 frumenti
1188 1663 1340 1702 co‘e‘mit.
1393 1662 1431 1700 id
1457 1675 1584 1700 autem

129 1715 319 1752 occlusum
339 1716 510 1758 habebar,
530 1714 679 1763 sperans
701 1715 764 1753 fibi
777 1717 937 1754 Romani
959 1716 1091 1764 populi
1112 1727 1224 1762 atque
1244 1713 1426 1751 exercitus
1445 1713 1585 1749 volun-

127 1775 224 1802 tates
245 1764 506 1802 adiuncturum
521 1790 530 1806 ,
555 1765 580 1801 fi
601 1767 702 1813 prius
723 1778 846 1802 rerum
871 1764 1152 1802 necessariarum
1181 1763 1335 1812 penuria
1356 1764 1582 1804 laborantes,

127 1816 271 1863 magnis
292 1825 446 1862 repente
470 1815 730 1863 largitionibus
752 1815 1016 1853 demereretur.
1053 1816 1158 1852 Idem
1182 1812 1409 1862 gymnasium
1431 1823 1585 1861 quoque
1606 1831 1652 1857 10

127 1864 326 1900 maximum
345 1863 668 1908 exaedificauerat‚
695 1865 893 1913 publicaris
915 1864 1029 1901 etiam
1057 1865 1212 1906 balneis,
1239 1876 1278 1900 vt
1306 1875 1351 1898 eo
1374 1863 1489 1899 modo
1518 1874 1585 1909 po-

126 1913 263 1961 pulum
283 1913 472 1950 inescaret.
521 1918 573 1951 At
593 1914 750 1951 Romani
771 1914 904 1952 infensi
925 1915 1155 1962 iampridem,
1176 1915 1218 1960 x)
1245 1925 1286 1949 ac
1304 1911 1422 1948 totius
1441 1912 1583 1948 causam
1605 1932 1648 1959 11

128 1961 361 2010 pestilentiae
380 1962 418 1998 in
448 1974 534 2000 eum
564 1965 828 2007 conferentes,
857 1963 960 2001 simul
990 1963 1105 2012 perosi
1130 1963 1327 2000 hominem
1357 1960 1501 1998 diuitiis
1527 1962 1586 1997 in-

129 2011 369 2057 explebilem,
387 2012 486 2058 prius
508 2013 662 2062 quidem
685 2012 887 2051 confertim
911 2027 973 2062 per
992 2014 1136 2049 theatra
1155 2011 1377 2055 {identidem
1409 2010 1584 2048 traduce-

131 2059 225 2095 bant
241 2075 259 2114 :-
276 2062 321 2107 y)
346 2060 459 2102 dein,
483 2074 617 2110 agente
646 2065 686 2098 in
712 2063 928 2100 suburbanis
959 2064 1197 2102 Commodo,
1242 2072 1397 2108 repente
1424 2058 1586 2096 vniuerfi

132 2120 278 2156 magnis
297 2109 523 2147 clamoribus
542 2123 835 2154 concurrerunt,
861 2113 1088 2148 Cleandrum
1113 2111 1158 2145 ad
1180 2122 1310 2147 necem
1331 2109 1588 2156 deposcentes.

135 2158 269 2199 Quum
289 2170 412 2196 autem
433 2159 684 2197 suburbanum
712 2173 828 2196 omne
858 2162 1026 2197 tumultu
1056 2160 1327 2208 compleretur,
1350 2170 1389 2195 et
1409 2160 1582 2195 Commo.
1611 2178 1653 2207 12

133 2207 202 2244 dus
229 2206 310 2256 ipse
327 2207 368 2244 in
394 2209 470 2246 alto
498 2208 633 2246 secessu
659 2209 916 2258 voluptatibus
940 2210 1176 2259 indulgeret,
1205 2209 1339 2246 inscius
1369 2220 1465 2257 quae
1486 2219 1589 2257 gere·

181 2326 213 2373 t)
239 2324 534 2374 frigidioraeenim
565 2339 604 2363 ea
626 2327 754 2375 regio,
780 2325 837 2362 fil·
888 2326 972 2363 bem
991 2326 1218 2369 incolebant,
1235 2325 1466 2364 medicorum
1488 2325 1591 2369 iussu,

132 2374 193 2412 uis
213 2388 234 2412 e
252 2375 358 2430 lauru
380 2375 636 2422 spatiofissimis
657 2389 781 2425 opaca,
801 2380 837 2420 (a
887 2378 1082 2426 vnguento
1113 2389 1221 2413 nares
1251 2387 1365 2425 atque
1395 2386 1498 2413 aures
1521 2388 1590 2424 op-

131 2435 211 2472 quo
246 2435 358 2460 etiam
386 2425 551 2463 inditum
590 2426 735 2473 regioni
764 2439 838 2462 no-
887 2428 1043 2474 plebant
1062 2425 1362 2473 fragrantiflimo.
1390 2426 1508 2473 Steph.

116 2475 250 2524 nmen,)
279 2473 384 2521 saluti
405 2475 681 2513 conseruandae
699 2475 837 2512 idonea
928 2477 967 2521 u)
994 2476 1190 2513 diutissime
1214 2475 1364 2513 saeuire.
1398 2477 1540 2511 Memm.

99 2568 110 2571 ‚
133 2523 204 2560 effe
216 2522 505 2566 existimabatur-3
526 2536 640 2573 atque
658 2526 751 2562 adeo
773 2530 834 2561 ae·
929 2532 971 2572 x)
999 2535 1036 2562 et
1060 2525 1209 2563 illorum
1239 2527 1423 2562 malorum
1448 2524 1590 2561 causam

131 2573 184 2608 ris
205 2573 439 2621 corruptioni
458 2573 630 2616 resistere,
657 2585 696 2611 et
715 2574 833 2610 suaui·
882 2576 922 2612 in
942 2587 1023 2612 eum
1045 2575 1140 2619 conf.
1171 2578 1246 2611 lam
1274 2584 1395 2611 autem
1413 2575 1460 2610 de
1476 2573 1591 2615 fame,

131 2632 214 2660 tate
240 2623 389 2666 odoris,
414 2623 478 2670 qui
513 2637 533 2660 e
563 2625 674 2660 lauris
696 2624 832 2660 efflare·
883 2639 962 2662 non
1003 2625 1050 2662 de
1095 2624 1322 2673 pestilentia,
1373 2623 1424 2660 est
1457 2623 1589 2665 sermo.

130 2680 205 2712 tur,
231 2683 270 2709 et
295 2670 455 2708 iucunda
482 2673 640 2720 ipsarum
660 2674 833 2710 arborum
882 2675 1000 2718 steph.

132 2721 268 2758 vmbra.
330 2722 433 2771 Qiu
464 2723 576 2760 etiam
603 2722 653 2765 ii,
677 2722 743 2771 qui
768 2734 831 2758 ur-
927 2728 968 2772 y)
1003 2723 1173 2763 Tandem
1203 2736 1306 2766 vero,
1333 2734 1388 2773 ag.
1416 2722 1535 2771 Stepb.
