1707 3140
476 108 791 155 LIBER
884 109 1030 156 111.r
1405 124 1474 171 49

27 226 147 277 Niger
163 222 286 262 audita
307 234 361 267 re,
384 233 501 271 quum
523 221 677 270 quidem
701 220 930 259 Antiochiae
949 232 1092 270 ageret,
1116 221 1197 260 iure
1216 222 1357 263 scilicet
1386 224 1473 271 (ho-

25 287 89 318 mo
109 273 249 322 alioqui
273 272 428 322 benigni
449 271 706 318 mansuetique
726 270 885 320 ingenii)
915 270 1130 309 defeftione
1159 273 1313 311 illorum
1336 285 1472 312 contu-

23 325 211 371 meliaque
247 321 436 364 irritatus,
482 320 655 358 immittit
686 320 852 367 vtrisque
889 319 1038 358 vrbibus
1066 323 1216 358 Mauros
1234 323 1469 368 iaculatores,

22 383 270 427 quoscunque
302 371 424 409 secum
455 371 652 412 habuerat,
678 369 780 406 fimul
810 381 950 417 partem
979 371 1250 419 sagittariorum
1271 372 1382 409 iull'os
1404 385 1469 410 oc-

0 463 2 465 ,
22 419 336 462 cidereobuium
374 432 584 468 quemque,
629 419 792 466 diripere
829 420 938 456 vrbes
977 419 1071 466 ipsas
1111 431 1222 468 atque
1249 422 1466 461 incendeffie.

19 472 150 521 remed
173 470 274 507 enim
294 469 418 507 Mauri
444 471 502 516 (vt
524 468 573 505 est
590 480 705 517 genus
730 467 928 504 hominum
948 468 1072 515 suapte
1102 480 1230 506 natura
1249 471 1369 507 caedis
1388 472 1462 508 aui·
1484 472 1507 508 6

22 521 226 561 diffimum,
248 518 418 566 nihilque
435 530 514 555 non
537 517 650 553 facile
670 518 821 558 audens,
845 529 886 553 ac
911 518 1110 565 desperatis
1133 517 1267 563 ssmile,
1293 533 1466 558 contem·

21 581 95 622 ptu
114 569 292 606 videlicet
321 568 455 605 mortis
488 579 529 603 ac
548 566 815 614 periculorum)
835 565 1055 603 Laodicenis
1084 569 1131 605 de
1159 568 1365 617 improuiso
1396 583 1466 618 op-

22 619 166 670 preffis,
203 619 381 665 populum
411 616 527 664 ipsum
556 616 658 652 omni
685 628 822 664 genere
848 615 1100 656 crudelitatis.
1125 619 1329 666 vrbemque
1357 620 1467 656 vasta.

22 679 125 708 runt.
175 667 268 703 lnde
285 668 430 715 Tyrum
452 666 829 713 pergentes,direpris
851 666 1020 701 omnium
1041 667 1163 709 bonis,
1185 679 1226 702 ac
1245 681 1384 716 patrata
1405 669 1466 705 in-

22 716 130 768 genti
158 716 295 757 caede,
321 727 438 753 totam
469 716 731 752 incenderunt.
783 714 892 755 Quae
913 716 1002 751 dum
1031 716 1069 752 in
1097 717 1200 764 Syria
1229 719 1465 766 gerebantur,
1484 732 1507 768 7

22 767 273 803 contrahente
299 765 426 812 copias
467 763 609 812 Nigro,
649 762 791 800 interea
820 764 1012 800 Seueriani
1046 765 1186 802 milites
1214 766 1465 803 munitionem

22 815 141 853 Tauri
164 815 305 852 montis
331 815 624 862 oppugnabant,
652 813 770 850 tristes
791 813 922 861 vtique
951 826 992 849 ac
1022 813 1110 851 citra
1137 815 1240 863 spem
1269 816 1465 853 viftoriae:
1486 829 1507 865 ς

23 863 168 915 quippe
193 864 310 900 valida
339 861 715 911 inexpugnabilisque
743 874 807 909 per
829 861 886 902 se,
924 874 1055 899 monte
1083 876 1235 912 quoque
1263 865 1342 913 ipso
1366 879 1468 912 prae·
1494 868 1503 881 '

22 914 234 962 cipitioque
263 911 545 953 defendebatur.
597 913 640 958 x)
670 911 787 959 Igitur
813 911 884 947 iam
916 912 1126 960 defatigatis
1153 915 1276 950 Seueri
1293 916 1468 951 militibus
1487 927 1510 962 9

22 965 63 1001 ae‘n
94 965 167 999 alta
198 960 491 999 aduersariorum
521 961 740 1000 securitate,
767 972 855 996 ecce
885 960 978 1004 tibi,
1002 962 1117 998 noc‘tu
1144 963 1292 1000 maximi
1312 976 1469 1012 repente

20 1025 128 1050 ruere
148 1013 305 1053 imbres,
330 1011 475 1057 oppleri
502 1010 628 1045 omnia
651 1009 827 1046 niuibus:
855 1020 896 1045 vt
922 1010 1008 1051 sunt
1025 1011 1190 1048 difficiles
1208 1013 1246 1049 in
1268 1015 1468 1062 Cappado-
1490 1021 1537 1047 10

23 1062 82 1098 cia
101 1063 268 1110 hyemes,
295 1060 531 1108 maximeque
549 1060 594 1095 ad
617 1059 783 1094 Taurum
805 1070 987 1096 montem.
1038 1062 1222 1109 roirca
1241 1063 1384 1100 subitus
1403 1062 1473 1099 im-

24 1122 118 1160 petu
139 1121 272 1158 magno
304 1109 470 1155 erumpit
500 1119 660 1148 torrens,
681 1108 863 1155 cursuque
875 1107 980 1157 sblito
999 1108 1182 1157 impedito
1207 1113 1326 1160 (quod
1347 1113 1471 1149 muni-

25 1160 83 1198 tio
103 1158 244 1196 exitum
276 1157 514 1206 prohibebas>
543 1156 660 1192 maior
679 1155 750 1192 iam
773 1156 1053 1204 violentio‘rque
1080 1158 1219 1202 facilus,
1242 1162 1394 1208 quando
1412 1173 1471 1197 ar·
1493 1169 1534 1195 u

24 1221 105 1246 tem
125 1207 321 1254 superante
339 1217 478 1242 natura·
494 1217 641 1241 tantum
669 1205 852 1252 impetum
882 1206 1058 1242 sustinere
1080 1208 1244 1245 munitio
1265 1215 1341 1246 n'on
1365 1221 1472 1257 pote-

21 1268 103 1298 rat,
127 1256 255 1292 laxatis
282 1269 376 1303 aqua
397 1254 573 1301 paulatim
596 1253 840 1302 coagmentis,
869 1266 909 1290 ac
935 1255 1190 1293 fundamentis
1215 1258 1303 1294 loco
1322 1259 1472 1306 emotis,

24 1307 152 1358 quippe
181 1317 270 1353 quae
283 1304 511 1354 festinanter
536 1317 579 1339 ac
601 1304 744 1340 minime
772 1314 940 1340 accurate
966 1307 1138 1342 extruc‘la
1165 1307 1292 1356 effe'nt,
1317 1307 1388 1344 iter
1407 1307 1472 1345 fibi

24 1366 173 1392 torrens
202 1352 393 1401 patefecit.
442 1355 529 1401 Qo
547 1352 820 1394 animaduerso.
846 1354 911 1402 qui
940 1353 977 1389 in
1002 1355 1181 1402 praefidio
1206 1368 1327 1399 erant,
1355 1369 1471 1401 metu,
1496 1368 1538 1395 12

23 1417 75 1442 ne
105 1405 148 1440 ab
181 1403 285 1441 hoste
312 1400 696 1444 circumuenirentur,
725 1403 832 1438 nullo
860 1415 947 1438 mox
966 1403 1098 1440 futuro
1118 1407 1404 1455 propugnaculo
1432 1405 1475 1443 fi.

24 1454 104 1491 mul
121 1453 219 1490 vnda
247 1451 454 1496 resediffet‚
483 1450 629 1498 prodita
664 1450 828 1488 custodia
862 1451 986 1488 cuncti
1015 1453 1101 1501 fuga
1129 1454 1359 1493 dilabuntur.
1406 1457 1476 1505 lgi·
1497 1459 1539 1499 ¹3

25 1513 89 1540 tur
108 1502 198 1539 laeti
216 1500 422 1541 Seueriani,
449 1498 736 1549 confirmarique
763 1501 922 1543 animos,
951 1502 1056 1539 velut
1083 1503 1154 1540 diis
1175 1503 1258 1550 ipfis
1280 1504 1478 1542 immorta-

24 1553 124 1591 libus
146 1562 258 1588 manu
279 1549 528 1591 ducentibus,
557 1550 716 1599 cognito
747 1550 915 1587 custodes
942 1551 1144 1599 aufugisse,
1182 1554 1294 1592 facile
1325 1554 1480 1598 scilicet,

22 1601 144 1689 {Jullis
162 1599 465 1648 prohibentibus,
493 1599 663 1637 Taurum
691 1599 916 1650 supergreffi,
941 1600 984 1638 in
996 1601 1167 1640 Ciliciam
1187 1615 1277 1643 mox
1294 1603 1481 1653 impetum

44 1660 211 1689 ecerunt.

96 1784 126 1823 is
145 1782 344 1827 nuntiatis,
371 1784 512 1833 Niger,
537 1793 658 1832 quum
675 1784 830 1832 quidem
854 1776 1047 1834 in'gentem
1068 1787 1290 1831 exercitum,
1319 1789 1382 1828 sed
1408 1802 1480 1840 pu-

122 1847 217 1884 gnae
239 1833 487 1883 laborumque
506 1832 681 1876 inscium,
704 1833 925 1882 collegiffet,
952 1835 1096 1884 magnis
1116 1837 1314 1876 itineribus
1334 1842 1479 1879 accele-

25 1885 151 1926 tabat,
172 1886 218 1932 y)
237 1883 519 1931 quamplurimis
550 1895 637 1919 eum
663 1884 886 1920 mortalibus
913 1885 1096 1933 omnique
1125 1886 1246 1924 ferme
1267 1889 1477 1928 Antioche·
1496 1910 1518 1935 2

29 1945 167 1972 norum
195 1933 397 1970 iuuentute
426 1932 668 1980 sequentibus
700 1934 845 1973 ducem,
872 1933 987 1970 multa
1009 1933 1152 1972 scilicet
1172 1936 1383 1975 animorum
1403 1940 1477 1976 ala·
1498 1956 1517 1994 3

26 1983 181 2024 eritne,
207 1993 393 2018 caeterum
415 1981 557 2018 virtute
585 1994 628 2017 ac
650 1982 783 2029 peritia
814 1982 904 2018 belli
924 1983 1029 2025 nulla
1055 1997 1102 2020 ex
1131 1997 1236 2032 parre
1255 1999 1340 2023 curn
1359 1988 1480 2036 lllyri-

27 2045 74 2068 co
95 2032 215 2068 milite
236 2030 490 2067 conferendis.
527 2033 581 2067 Ita
605 2042 881 2068 concurrerunt
899 2033 943 2068 ad
968 2033 1120 2075 micum,
1147 2046 1260 2081 quem
1278 2037 1482 2083 appellant,
1499 2057 1523 2092 4

27 2081 162 2122 finum,
191 2079 306 2127 longe
325 2079 475 2126 lateque
502 2078 745 2126 spatioliffima
775 2080 816 2115 in
843 2080 1020 2126 planitie,
1049 2093 1147 2128 quae
1173 2086 1366 2131 perpetuis
1397 2086 1482 2122 sub·

29 2129 120 2168 iefta
140 2128 300 2165 collibus
326 2125 366 2162 in
388 2127 520 2164 theatri
551 2127 736 2175 speciem,
761 2126 867 2164 littus
889 2129 1002 2164 habet
1030 2143 1049 2163 a
1068 2131 1157 2166 mari
1185 2132 1393 2180 longissime
1419 2147 1484 2172 ex-

29 2190 203 2216 currens:
241 2175 342 2226 quafi
370 2178 561 2226 quoddam
590 2174 682 2213 belli
712 2175 866 2213 stadium
891 2176 1070 2214 fabricata
1089 2190 1233 2217 natura.
1284 2182 1390 2224 Quin
1417 2196 1517 2237 eo-5

80 2295 119 2343 a)
147 2292 220 2332 Sed
239 2293 340 2330 enim
367 2292 504 2334 Mauri,
531 2291 611 2341 (qui
630 2291 735 2329 valde
823 2293 870 2341 y)
899 2291 1035 2341 Magna
1058 2295 1160 2332 enim
1188 2297 1419 2343 multitudo,
1445 2312 1489 2338 ac

30 2343 120 2384 sunt
145 2340 391 2392 sanguinarii,
417 2353 476 2384 et,
503 2342 607 2391 quod
635 2355 734 2379 mor·
785 2346 1339 2390 totapropemodumiuuentus
1351 2351 1488 2388 Antio·

31 2406 108 2432 tem
152 2393 314 2442 pericula
362 2403 437 2440 que
474 2403 734 2433 contemnant,
783 2392 924 2434 chena,
950 2392 992 2428 ad
1012 2393 1248 2434 militandum
1277 2410 1319 2433 ac
1347 2411 1415 2448 pro
1437 2413 1487 2438 eo

32 2443 162 2480 omnia
181 2444 265 2479 cu'm
286 2441 546 2490 desperatione
565 2442 734 2490 audent,)
785 2441 1071 2489 periclitandum
1095 2444 1129 2480 se
1147 2445 1352 2484 dediderat.
1400 2450 1488 2485 Ala.

31 2493 149 2531 Laod.
189 2491 310 2540 Steph.
787 2502 887 2526 crem
926 2489 1039 2540 igitur
1078 2496 1281 2532 exercitum
1315 2496 1489 2540 habebat,

79 2544 120 2590 x)
147 2541 262 2590 lgitur
290 2540 361 2575 iam
380 2539 594 2587 defatigatis
621 2540 737 2585 Seue·
787 2539 847 2576 sed
875 2539 942 2588 qui
974 2542 1104 2588 peritia
1138 2554 1178 2580 et
1205 2545 1319 2581 animi
1350 2549 1490 2583 robore

33 2592 160 2632 rimis,
187 2589 352 2626 hostibus
373 2600 495 2625 aurem
517 2601 671 2626 omnem
690 2588 737 2625 de
787 2589 898 2637 longe
912 2590 1058 2638 lllyrico
1077 2591 1238 2630 inferior
1258 2594 1356 2631 elset.
1387 2597 1491 2633 Con·

34 2639 196 2677 custodia
228 2638 518 2676 sollicitudinem
555 2638 736 2675 abiicien-
785 2639 902 2675 currit
937 2638 1050 2687 igitur
1095 2644 1274 2692 vtrinque
1305 2645 1492 2685 exercitu.

40 2688 126 2727 dam
137 2686 430 2728 existimantibus
441 2688 735 2737 noan—Steph.
785 2687 831 2725 ad
845 2687 905 2775 [1)ίῖ-
934 2689 1056 2739 Steph.
