1707 3029
462 152 501 195 L
539 151 560 194 I
598 151 630 195 B
666 151 702 194 E
738 150 777 193 R
866 148 989 195 VIII.
1359 161 1458 207 129

746 265 796 303 V.

17 349 108 418 Sed
130 347 258 397 primis
275 345 503 384 sanediebus
525 359 588 395 par
598 345 914 394 vtrinquelibrata
924 345 998 382 fuit
1011 355 1155 393 pugnae
1167 343 1338 382 fortuna:
1367 346 1459 383 dein

85 411 186 435 mora
206 397 358 438 iniesta,
385 398 419 442 t)
443 395 564 432 minus
590 396 789 442 minusque
816 394 887 432 iam
905 396 1022 430 alacer
1042 393 1235 430 Maximini
1261 407 1338 431 erat
1355 408 1456 432 exer-

16 449 124 490 citus,
153 447 214 484 sed
234 446 319 494 quia
338 447 400 494 spe
419 446 752 493 falsus‚tristiorque
771 444 810 481 in
831 444 920 480 dies.
949 444 1044 480 Nam
1055 456 1149 490 quos
1160 456 1207 479 ne
1227 456 1339 480 vnum
1354 444 1452 481 diem
1470 451 1495 477 2
1508 455 1519 459 ··

16 499 251 547 sperauerant
272 496 375 531 suum
395 494 536 532 laturos
567 495 772 540 impetum,
814 506 879 529 eos
908 505 985 529 non
1016 494 1128 528 modo
1157 505 1235 528 non
1264 495 1451 535 cedentes,

16 547 79 585 sed
100 544 301 582 refistentes
318 545 431 580 etiam
449 542 679 579 audaciffime
705 542 1058 578 animaduertebant.
1129 544 1270 578 Contra
1306 543 1453 589 Aquile-
1470 546 1492 583 3

13 595 131 634 ienses
152 593 266 642 magis
289 594 479 641 magisque
500 593 538 628 in
560 592 637 628 dies
657 591 787 628 virium
818 602 931 639 atque
951 591 1161 628 animorum
1181 590 1451 636 implebantur:

17 656 56 683 et
88 641 290 680 affiduitate
313 642 502 690 pugnandi
526 641 698 689 peritiam
719 642 854 688 pariter
883 641 1144 688 audaciamque
1163 641 1352 676 consecuti
1367 667 1378 683 ,
1405 640 1451 676 fic
1469 648 1493 684 4

16 693 267 741 despiciebant
287 692 445 732 milites,
472 703 512 727 vt
533 689 646 727 etiam
669 690 882 725 iocarentur
897 688 933 724 in
954 702 1018 725 eos
1040 701 1078 726 et
1096 690 1372 731 cauillarentur,
1398 690 1453 725 ni-

14 743 145 790 hiique
163 754 244 778 non
265 740 519 777 contumeliae
540 739 696 777 obeunti
718 752 841 775 muros
854 738 1062 775 Maximino
1075 740 1352 785 exprobrarent,
1373 752 1453 775 tum

14 793 58 830 in
77 791 195 838 ipsum
213 791 312 827 iuxta
337 788 530 837 'filiumque
551 793 591 833 v)
621 789 721 824 nulla
738 801 815 824 non
837 788 1000 823 iacerent
1022 789 1164 835 probra.
1210 789 1355 834 Qibus
1375 789 1452 825 irri-
1472 793 1492 829 ς

14 853 113 880 tatus
138 853 180 876 ac
197 839 349 881 furens,
375 850 487 887 quum
509 837 704 874 effundere
726 837 764 873 in
786 836 906 872 hostes
930 837 1016 872 iram
1046 850 1126 873 non
1154 836 1304 878 liceret,
1338 838 1456 884 pluri-

14 902 96 928 mos
124 902 145 925 e
161 888 234 926 suis
252 889 408 925 ducibus
421 912 432 929 ,
458 887 552 933 quafi
583 899 711 935 parum
747 886 829 922 stre
842 898 866 921 n
882 898 903 922 u
916 897 936 920 e
962 897 1075 933 atque
1103 899 1121 921 a
1134 887 1201 923 cri
1214 899 1258 922 te
1272 899 1288 922 r
1323 887 1453 922 vrbem

15 948 294 987 oppugnarent,
320 949 486 974 extremo
508 935 686 983 supplicio
708 936 840 971 affecit*
890 938 932 981 x)
958 937 1045 976 Quo
1057 935 1202 977 faRu-n,
1222 947 1262 971 vt
1285 935 1452 972 infestio-
1471 935 1494 969 6

15 1001 94 1025 rem
114 986 178 1023 fibi
207 998 318 1034 atque
346 987 385 1022 ir
397 998 414 1020 a
428 986 499 1023 tio
511 998 528 1020 r
543 998 562 1021 e
574 998 609 1021 m
639 984 801 1034 militem*
822 997 838 1018 r
852 997 873 1021 e
886 985 907 1019 d
921 985 941 1020 d
954 997 973 1019 e
986 998 1000 1018 r
1012 997 1031 1020 e
1044 995 1080 1026 t,
1120 997 1157 1021 et
1185 984 1448 1031 contemptibi-⁴

14 1038 88 1074 lior
107 1035 215 1074 fieret
236 1034 460 1072 aduersariis.
513 1034 649 1071 Euenit
676 1044 883 1081 praeterea,
905 1044 946 1069 vt
964 1033 1220 1078 Aquileienses
1244 1045 1453 1070 commeatu
1473 1043 1496 1078 7

14 1087 197 1133 rebusque
217 1097 297 1120 cae
316 1083 430 1121 teris
458 1083 710 1124 abundarent,
734 1082 912 1130 quoniam
942 1095 974 1117 m
989 1095 1101 1131 agna
1133 1084 1324 1132 diligentia
1348 1096 1458 1131 quae-

15 1147 164 1183 cunque
182 1134 227 1170 ad
248 1132 420 1170 homines
440 1144 502 1176 aut
514 1135 557 1178 y)
580 1144 698 1180 equos
718 1131 970 1168 sustentandos
981 1130 1242 1173 desiderantur,
1270 1133 1310 1168 in
1330 1134 1454 1169 vrbem
1504 1138 1509 1147 ⁸

14 1184 167 1221 fuerant
185 1192 433 1231 comportata:
460 1193 588 1218 contra
609 1181 793 1219 exercitus
812 1181 981 1218 omniurn
1014 1193 1118 1216 reru
1132 1194 1165 1216 m
1195 1193 1357 1229 egenus,
1394 1194 1453 1217 ex·
1474 1190 1494 1223 8

14 1232 94 1270 cifis
114 1232 298 1269 feracibus
319 1230 522 1270 arboribus,
551 1242 713 1278 agroque
735 1228 1074 1275 omniperuastam,
1101 1230 1230 1275 partim
1251 1230 1314 1266 sub
1325 1241 1454 1275 aperto
1473 1241 1494 1274 9

15 1281 119 1318 caelo
140 1281 347 1317 tolerabant
365 1279 479 1315 solem
508 1290 619 1325 atque
647 1279 794 1315 imbres.
861 1276 1041 1324 fiquidem
1070 1278 1165 1314 nihil
1200 1279 1366 1314 alimenti
1396 1280 1452 1315 vel

14 1330 100 1378 ipsis
121 1331 179 1366 vel
200 1328 378 1365 iumentis
399 1327 685 1374 importabatur,
727 1325 870 1363 obseffis
897 1328 1073 1362 omnibus
1100 1328 1225 1364 ltaliae
1254 1327 1453 1365 itineribus
1475 1341 1520 1366 10

15 1381 266 1417 Romanorum
290 1376 502 1425 diligentia,
529 1377 720 1425 murisque
739 1387 778 1412 et
794 1379 832 1415 z)
852 1375 969 1421 portis
987 1376 1169 1413 excitatis.
1220 1378 1368 1413 Etenim
1402 1378 1451 1413 vi·
1473 1390 1519 1415 11

13 1441 75 1466 ros
93 1428 301 1463 consulares
319 1437 400 1461 cum
417 1425 611 1462 lestiffimis
631 1439 671 1461 ac
693 1424 955 1473 speGatiffimis
974 1425 1188 1463 hominibus
1205 1440 1251 1464 ex
1267 1425 1368 1463 Italia
1394 1438 1454 1463 to-

14 1489 50 1515 ta
70 1476 217 1513 miserat
247 1474 412 1516 senatuS,
458 1475 525 1522 qui
553 1476 680 1511 littora
702 1486 908 1522 portusque
942 1485 1171 1516 tutarentur,
1217 1488 1338 1523 neque
1369 1477 1452 1513 cui-

13 1539 124 1574 quam
144 1524 361 1574 potestatem
390 1523 556 1561 facerent
572 1523 795 1572 nauigandi:
844 1522 892 1559 fic
918 1535 959 1560 vt
987 1523 1154 1560 inaudita
1182 1525 1453 1574 incognitaque

11 1575 138 1613 forent
165 1574 433 1611 Maximino
463 1586 709 1622 quaecunque
739 1573 914 1609 Romae
941 1573 1186 1621 agitabantur.
1260 1578 1306 1621 a)
1344 1575 1450 1618 Quin
1472 1585 1517 1612 12

11 1625 95 1662 viae
114 1636 267 1672 quoque
285 1635 414 1659 omnes
436 1633 474 1658 et
493 1623 625 1664 calles,
653 1636 701 1659 ne
722 1622 804 1670 quis
826 1620 1015 1663 transiret,
1039 1622 1312 1670 diligentissime
1332 1624 1451 1661 serua-

0 1675 159 1711 ¹bantur.
209 1676 262 1710 Ita
283 1672 504 1713 eueniebat,
527 1684 569 1708 vt
602 1671 799 1714 exercitus,
828 1671 892 1714 qui
922 1672 1088 1708 vrbem
1127 1672 1338 1714 obfidebar,
1376 1674 1452 1719 ipse
1474 1682 1516 1721 13

0 1721 178 1760 {inuicem
199 1720 438 1758 obsideretur.
486 1722 580 1758 Nam
601 1734 723 1769 neque
741 1720 951 1768 Aquileiam
973 1733 1123 1767 capere,
1152 1735 1277 1770 neque
1300 1724 1451 1758 Romam

14 1770 193 1820 proficisci
215 1782 383 1817 poterat,
409 1771 644 1818 nauigiorum
668 1784 708 1806 ac
725 1770 984 1807 vehiculorum
1006 1771 1176 1818 penuria:
1212 1785 1305 1819 quae
1324 1773 1450 1808 omnia
1475 1783 1517 1818 14

14 1821 111 1867 prius
133 1832 310 1867 occupata
329 1830 368 1855 et
387 1820 553 1856 conclusa
575 1819 737 1858 fuerant.
790 1820 972 1856 Rumores
1001 1832 1154 1868 quoque
1181 1820 1451 1869 suspicionibus
1473 1830 1516 1867 15

12 1870 53 1906 in
71 1868 184 1906 maius
203 1869 452 1916 augebantur,
481 1870 551 1905 effe
570 1869 781 1905 vniuersum
811 1869 848 1904 in
872 1868 982 1904 armis
1016 1871 1223 1907 Romanum
1255 1871 1451 1917 populum,

12 1917 224 1965 consensisse
240 1917 378 1955 ltaliam
400 1928 604 1967 gentesque
627 1931 758 1956 omnes
779 1917 961 1967 myricas,
996 1917 1236 1968 barbarasque
1265 1932 1455 1968 quascun-

64 2037 96 2083 ι)
118 2035 197 2071 For.
217 2034 267 2071 ita
288 2034 425 2083 scripfit
442 2035 518 2071 Pol.
538 2033 708 2070 minus—
756 2034 848 2072 Non
878 2045 1000 2070 autem
1034 2046 1158 2071 narrat
1188 2035 1328 2071 Herod.
1359 2048 1452 2078 rem,

15 2085 219 2123 exercitum
264 2085 351 2132 quia
379 2084 442 2131 spe
478 2083 612 2125 falsu53
647 2083 708 2119 sed
757 2095 854 2130 quae
885 2093 963 2118 tum
994 2084 1176 2120 euenerit.
1210 2085 1325 2132 Steph.
1385 2087 1454 2122 Ex-

12 2133 149 2170 tristior
177 2134 215 2169 in
241 2134 334 2169 dies:
379 2143 441 2169 aut
473 2144 595 2172 certe,
638 2132 705 2175 sed.
756 2143 872 2167 trema
898 2131 987 2167 inde
1015 2143 1034 2166 a
1060 2133 1116 2182 Q
1141 2134 1174 2167 d.
1212 2153 1249 2160 —
1281 2135 1453 2177 euenerit,

42 2183 97 2219 nia
119 2181 179 2230 spe
208 2182 338 2225 salim,
367 2181 504 2218 tristior
540 2178 580 2216 in
613 2180 704 2217 dies.
756 2179 820 2216 ets.
842 2179 925 2215 sunt
945 2179 1057 2216 etiam
1078 2182 1140 2217 hic
1165 2181 1205 2218 in
1237 2183 1293 2220 ed.
1325 2185 1452 2230 steph.

9 2232 130 2281 Steph.
758 2228 944 2277 margine,
973 2241 1096 2265 tamen
1117 2230 1241 2267 alieno
1269 2232 1453 2268 habentur

61 2282 105 2325 v)
133 2279 210 2317 dira
221 2292 262 2316 ac
292 2279 418 2319 foeda,
444 2279 587 2314 Memm.
755 2278 840 2314 loco
856 2303 866 2319 ‚
896 2277 1119 2324 pertinentia
1140 2280 1240 2318 forte
1259 2281 1384 2329 potius
1402 2282 1449 2319 ad

59 2330 175 2375 x)'Ex
194 2340 272 2376 quo
300 2329 436 2365 fastum
469 2327 540 2369 est,
574 2337 614 2363 vt
643 2326 705 2363 ille
756 2326 806 2374 sq.
833 2339 863 2361 c¹
880 2331 912 2361 6.
937 2327 969 2372 (x.
995 2339 1049 2366 10.
1097 2331 1184 2367 Irm.

13 2379 98 2417 suos
118 2379 232 2426 magis
255 2379 365 2415 iratos
386 2389 423 2414 et
445 2375 612 2414 infensos
640 2377 700 2412 ha·
797 2380 840 2423 y)
878 2375 1003 2412 Latius
1043 2388 1146 2425 patet
1187 2392 1258 2415 vox
1308 2380 1450 2416 Graeca

2 2469 3 2476 ἵ
39 2439 136 2471 eret,
156 2427 315 2464 hostibus
335 2438 458 2464 autem
471 2426 598 2463 maiori
610 2438 702 2461 con·
755 2422 868 2468 κτήνη.
895 2425 1008 2473 Steph.
1062 2427 1172 2463 Paulo
1184 2427 1260 2475 post
1278 2427 1450 2476 ἇκοζόγικ

34 2476 256 2514 emtuieffet.
308 2475 557 2524 Contingebat
575 2478 714 2511 autem'
756 2488 826 2523 pro
846 2474 1000 2516 eodem,
1025 2476 1048 2512 i.
1067 2477 1246 2520 iumenta,
1278 2477 1339 2516 seu
1369 2479 1452 2527 iug-

49 2525 326 2575 quileienfibus‚
383 2524 468 2561 satis
495 2525 600 2571 super
625 2537 700 2572 que
757 2535 892 2562 menta.
919 2524 1010 2570 Sylb.

35 2577 122 2613 ebus
143 2576 318 2612 omnibus
337 2574 526 2611 instrustos
546 2572 635 2617 effe,
663 2585 702 2611 et
804 2575 842 2620 z)
864 2575 1042 2621 portulis,
1083 2574 1142 2623 seu
1165 2577 1293 2626 paruis
1317 2578 1449 2626 portis,

16 2636 221 2661 commeatu
267 2625 462 2661 abundare.
509 2624 559 2665 Q.
588 2623 621 2659 d.
667 2624 700 2659 Is
756 2623 819 2659 Gr.
844 2621 868 2657 i.
882 2634 914 2657 e.
934 2621 1103 2660 fenestris
1124 2626 1340 2664 muralibus.
1360 2627 1452 2673 Sylb.

17 2672 307 2722 Aquileiensium
327 2672 546 2721 crustatus,
576 2672 701 2708 velres
801 2673 840 2717 a)
868 2671 973 2718 Qin
999 2684 1037 2709 et
1066 2686 1196 2715 omnes
1222 2676 1301 2716 viae
1330 2675 1452 2727 publi-

18 2720 302 2771 Aquileiensium
324 2720 363 2760 in
382 2722 457 2759 hoc
484 2733 589 2760 erant
605 2721 716 2771 [latu.
768 2733 856 2807 cai,
892 2723 958 2761 Gr.
1004 2723 1097 2773 Sylb.
