1707 3029
227 117 317 161 DE
353 79 777 160 EDITIONXBVS
816 114 1204 158 HERODIANI.
1325 115 1437 169 565'

234 243 302 287 ¹11)
335 233 538 278 lectiones
559 238 684 288 alias,
712 242 757 278 vt
777 253 870 276 cum
891 237 977 276 Ms.
998 238 1072 282 Ve,
1100 251 1191 289 5‚4‚
1210 253 1242 279 τ.
1265 252 1299 276 e.
1333 248 1422 276 tum

228 309 304 352 per
322 295 363 335 se
389 310 474 334 non
506 295 660 344 malas,
707 296 877 349 plenum
907 295 997 334 τὲτο
1033 310 1072 348 p.
1095 293 1179 333 ‘tir'
1202 304 1242 341 5,
1264 297 1304 343 6,
1334 310 1367 346 5.
1392 297 1422 338 i,

232 364 273 392 et
301 351 338 391 δὲ
365 369 405 407 p.
439 350 470 391 δ’
496 361 535 403 4,
563 369 603 404 4,
639 362 675 398 8.
707 354 734 393 i.
776 368 898 406 porro
930 352 1061 392 τοσέτο
1085 367 1125 406 Ρ,
1147 352 1296 391 τοσέτον
1324 367 1360 403 5,
1383 366 1424 402 7,

233 421 298 457 12,
320 412 346 453 i,
370 421 412 450 et
442 411 584 463 ςρατῶν
612 426 652 464 p.
675 409 882 463 ς’ροιτιωτιῖν
905 419 943 458 8,
967 421 1004 464 5,
1029 424 1064 461 5.
1086 424 1122 451 e.
1155 410 1278 449 etiam

233 473 304 520 12)
336 483 409 522 per
441 467 725 507 distinctiones
759 468 882 512 alias,
942 467 993 507 de
1027 467 1178 522 quibus
1208 469 1251 506 in
1296 482 1424 521 opere

227 523 427 570 subinde,
459 527 513 565 cf.
532 532 573 576 4,
602 541 666 572 12,
691 539 724 567 Ι.
748 541 785 579 p.
810 532 905 578 987.
933 534 971 572 5.
991 535 1033 572 5,
1056 539 1123 574 23.
1146 540 1188 579 p.
1221 540 1286 576 90.
1318 525 1425 566 Add-

228 605 285 612 —
311 582 382 622 sed
400 584 602 622 veriorem
627 593 667 621 et
688 584 791 622 adeo
814 598 904 621 cum
925 583 1014 624 MS.
1034 584 1105 624 Ba.
1131 598 1173 633 4,
1195 585 1236 631 6,
1261 594 1296 620 Ω.
1323 583 1349 625 i,

124 639 310 679 Omnino
328 640 431 679 haec
448 639 508 679 ed.
533 640 716 694 profuit,
759 651 804 680 vt
826 641 869 678 in
889 640 982 681 Bas.
1009 655 1043 680 1.
1064 641 1210 687 Leisn.
1243 650 1423 679 correcta

124 711 146 735 a
167 711 292 735 manu
312 697 392 736 alia
408 728 419 746 ‚
448 712 522 751 per
546 698 750 750 liquorem
778 707 909 735 atrum
931 698 1093 736 craffius
1115 697 1262 752 saepe,
1299 712 1425 751 agno·

122 753 357 803 scerent'ur,
402 755 539 809 qualia
562 755 693 794 ess'ent
713 755 763 794 ab
789 755 926 796 initio.

12 820 133 863 1549.
164 817 205 861 8.
236 811 354 866 Bafil,
409 816 566 865 (quam
595 813 640 851 in
679 827 804 867 opere
844 812 1042 854 vocabam
1072 814 1142 856 Bs,
1174 824 1210 851 2.
1241 813 1423 862 Leisn.)

229 869 334 907 Eius
364 868 511 909 titulus

181 925 407 979 „wa31oev8
429 944 565 980 ιςοριων
584 934 722 975 βιβλια
742 946 774 972 η.

227 985 462 1024 Herodiani
492 986 542 1023 de
572 986 874 1039 Imperatorum
901 986 1190 1024 Romanorum
1213 983 1426 1037 praeclare

229 1040 349 1095 gestis
368 1041 396 1079 l.
419 1043 535 1082 VIII.
558 1043 705 1081 Graeci
739 1053 778 1081 et
801 1043 963 1082 Latini.
1024 1044 1080 1082 Et
1102 1053 1272 1095 propter
1293 1043 1426 1095 prima

230 1098 479 1137 discentium
522 1098 688 1154 linguas
733 1099 888 1147 studia,
954 1101 1012 1139 ita
1057 1098 1336 1152 disposuimus
1380 1109 1427 1138 vt

232 1155 390 1194 Graeca
412 1157 581 1194 Latinis
605 1171 626 1196 e
647 1154 820 1210 regione
844 1168 988 1195 exacte
1012 1171 1086 1210 per
1101 1157 1240 1194 omnia
1258 1155 1427 1209 respon-

230 1212 381 1259 deant,
423 1213 605 1252 conferri
639 1228 720 1268 que
748 1214 832 1253 fine
862 1213 930 1254 vel
961 1215 1138 1268 negocio
1163 1212 1229 1252 vel
1249 1213 1426 1267 impedi-

228 1281 372 1309 mento
398 1271 560 1324 poffint.

227 1326 474 1366 Postremum
502 1342 614 1366 nunc
635 1328 925 1382 recognitione
945 1327 1207 1383 diligentiori
1229 1327 1424 1383 castigati.

226 1383 409 1422 Basileae
424 1414 435 1430 ‚
465 1398 541 1437 per
562 1385 823 1428 Henrichurn
844 1387 972 1425 Petri.
987 1392 1015 1410 “

177 1440 212 1480 A
234 1450 350 1496 tergo
385 1471 412 1490 „
426 1441 652 1498 Catalogus
673 1444 990 1498 Imperatorum.

974 1502 1054 1544 An.
1082 1502 1204 1542 Men.
1250 1504 1312 1544 D.

253 1585 280 1604 ,‚
293 1556 359 1594 M.
373 1556 616 1598 Antoninus
638 1558 773 1597 Verus
970 1575 1020 1613 19
1114 1575 1132 1598 ι
1259 1574 1277 1609 3
1289 1575 1307 1608 3

281 1615 336 1655 L.
453 1638 510 1644 --
626 1616 884 1655 Commodus
976 1631 1021 1666 13
1114 1632 1140 1657 0
1257 1633 1312 1668 40

282 1671 424 1710 Aelius
447 1673 648 1712 Pertinax
1000 1690 1026 1715 0
1115 1679 1137 1715 6
1259 1684 1309 1720 88

281 1728 472 1768 Iulianus
996 1747 1022 1772 0
1110 1743 1135 1780 7
1231 1746 1309 1782 107

286 1787 467 1825 Seuerus
496 1788 696 1827 Pertinax
967 1800 1019 1838 13
1111 1805 1136 1830 0
1225 1800 1309 1840 517

285 1844 497 1883 Caffianus
515 1846 718 1885 Antonin.
741 1846 953 1886 Caracalla
1000 1861 1024 1898 7
1115 1862 1139 1886 o
1233 1857 1309 1892 188

282 1901 501 1939 Macrinus
1000 1918 1021 1947 I
1113 1920 1139 1944 0
1232 1919 1308 1953 323

282 1957 350 1998 M.
375 1961 474 1999 Aur.
498 1959 593 1997 Ant.
616 1959 930 2015 Heleogabalus
998 1976 1025 2012 4
1111 1961 1137 2001 ὸ
1230 1972 1312 2016 244

281 2013 520 2052 Alexander
978 2034 1030 2069 14
1114 2033 1139 2058 0
1229 2029 1312 2067 558

282 2071 547 2111 Maximinus
577 2084 581 2091 ¹
996 2091 1014 2125 3
1109 2090 1133 2115 0
1227 2086 1306 2125 283

283 2128 521 2168 Gordianus
991 2139 1021 2179 61
1106 2149 1130 2174 0
1226 2144 1302 2185 305

280 2186 497 2225 Maximus
533 2199 575 2228 et
604 2189 782 2230 Albinus
1229 2205 1305 2241 321

282 2242 520 2283 Gordianus
545 2247 708 2295 iunior,
736 2263 868 2304 nepos
882 2251 985 2290 Got-

338 2300 452 2339 diani
483 2301 664 2358 eligitur.
1224 2320 1318 2363 357·
1335 2318 1363 2338 “

221 2358 388 2412 (Quem
424 2359 656 2415 catalogum
683 2362 899 2413 dedimus,
943 2376 991 2406 vt
1016 2368 1259 2412 volentibus
1290 2373 1423 2427 posset

224 2416 409 2479 conferri
440 2432 531 2455 cum
561 2433 790 2467 annorum,
837 2422 989 2476 quibus
1028 2427 1307 2481 imperarunt,
1362 2449 1421 2472 ra-

222 2482 363 2520 trone,
392 2487 412 2511 a
438 2475 558 2513 nobis
582 2476 684 2515 inita
706 2479 748 2516 in
768 2485 940 2533 opere.)

180 2528 376 2583 Sequitur
396 2531 480 2570 fine
501 2535 686 2573 numeris
704 2537 949 2590 paginarum
972 2540 1155 2596 epistola.

226 2588 628 2633 „Reuerendiffimo
675 2616 732 2623 -—
779 2596 837 2634 D.
854 2598 1012 2637 Ioanne
1032 2600 1260 2656 Roclolpho
1284 2605 1419 2652 Stoer,

221 2665 278 2737 3--
313 2645 494 2727 Ioannes
527 2648 754 2689 Huoberus
781 2653 1012 2695 Bafilienfis
1042 2658 1263 2709 Medicus,
1313 2661 1418 2702 bene

249 2715 355 2755 germ*
376 2710 386 2726 ⁴
