1707 3029
134 1437 179 1464 12
200 1440 272 1476 que
291 1428 326 1465 se
348 1427 574 1472 (confestim)
595 1425 787 1464 occisuros.

135 1534 178 1572 13
205 1525 341 1562 torium
364 1536 581 1562 remaneret.

137 1823 181 1858 ¹5
202 1831 309 1857 runt:

187 152 207 184 1
224 152 288 183 2<>

427 136 941 186 HERODIANI
992 111 1488 186 HISTORIA&

128 292 133 295 ,
189 252 496 303 imperatoribus,
518 255 582 311 qui
603 255 733 311 Remp.
757 251 836 300 pari
859 250 1037 299 potestate
1068 251 1384 295 administrarent,
1421 266 1471 291 ne
1501 251 1621 291 rursm

151 311 171 345 ς
192 305 422 360 principatus
450 314 628 340 autumas
660 316 700 339 in
733 301 967 350 tyrannidem
999 303 1278 350 proueheretur.

1352 304 1623 340 conuenerunt

193 355 306 401 igitur
325 365 403 389 non
419 354 568 402 quidem
582 353 620 388 in
633 351 781 392 curiam,
792 362 867 398 quo
886 359 992 386 antea
1012 350 1294 392 consueuerant,
1307 351 1417 388 sedin
1437 351 1624 398 templum

196 402 401 449 Capitolini
422 401 542 442 louis,

575 401 679 449 quod
708 400 746 436 in
765 411 845 436 arce
871 398 1009 436 summa
1030 401 1242 448 praecipuae
1269 399 1520 438 venerationis
1549 401 1623 436 Roa

154 449 177 485 6
200 465 292 485 maii:
316 451 469 486 habent:
496 449 546 486 ibi
566 448 691 485 ciaufis
709 448 903 485 foribus
923 448 1011 491 soli,
1037 448 1133 494 quali
1163 448 1250 485 teste
1279 458 1318 485 et
1345 448 1549 486 consessore
1569 459 1624 485 at-

198 511 271 548 que
292 500 384 536 adeo
402 511 522 537 rerum
543 497 710 534 omnium
740 497 940 543 inspetiore
960 499 1053 540 deo,
1078 497 1238 539 lenuis,
1269 498 1330 544 qui
1359 509 1479 534 aetate
1502 509 1544 533 ac
1567 497 1625 534 di-

197 549 338 598 gnitate
366 559 593 584 caeteros
620 546 835 587 anteirent,
864 545 910 582 de
940 547 1075 594 quibus
1104 546 1266 595 suffragia
1293 547 1503 587 ferrentur.
1545 545 1625 582 duo

197 610 240 636 ex
261 596 363 633 omni
385 608 540 633 numero
554 622 565 638 ,
589 595 768 632 Maximus
787 604 896 641 atque
915 598 956 638 x)
974 595 1163 638 Balbinus,
1197 595 1364 642 plurimis
1397 594 1627 642 suffraganti-‘-

153 655 178 690 7
195 647 262 684 bus
285 647 523 694 imperatores
541 645 660 681 creati.
689 646 833 681 Horum
856 645 1033 681 Maximus
1053 656 1137 680 cum
1158 644 1263 692 saepe
1280 644 1500 680 exercitibus
1521 655 1629 691 prae-

197 697 314 733 surra:
331 721 341 736 ‚
374 706 449 731 tum
472 693 696 742 praefeciura
713 691 810 730 vrbis
832 695 978 742 egregie
1006 695 1120 741 gesta,
1165 694 1357 730 maximam
1377 691 1516 741 ingenii
1541 704 1628 739 pro-

195 743 479 791 videntiaeque,
531 755 714 789 praeterea
745 742 845 777 vitae
870 743 1099 779 continentis
1129 743 1348 790 opinionem
1380 743 1490 790 vulgo
1521 742 1568 777 de
1588 740 1628 779 se

194 794 428 842 praebuerat:
452 792 624 828 Balbinus
644 802 780 833 autem,
805 791 949 836 patricii
970 792 1114 840 generis
1131 792 1261 832 homo.
1284 791 1474 828 consulatu
1490 790 1628 828 iterum

196 843 316 890 gest0‚
341 841 539 888 multisque
560 839 761 887 prouinciis
790 839 863 876 fine
890 841 962 875 vlla
990 840 1139 888 querela
1167 840 1446 883 administratis,
1479 850 1628 876 morum

156 893 230 940 gy)
264 889 458 938 simplicior
484 890 698 926 habebatur.

761 891 814 925 Ita
841 889 950 925 creati
985 889 1172 935 principes
1201 889 1414 936 augustique
1443 886 1630 936 appellati,

153 955 177 990 9
195 951 235 976 ac
251 938 569 975 senatusconsulto
591 937 765 975 omnibus
777 937 1023 984 imperatoriis
1041 938 1244 975 honoribus
1263 937 1379 974 affesti
1402 937 1498 974 sunt.
1516 940 1630 974 Dum

193 989 283 1025 haec
302 987 516 1034 agunturin
540 987 750 1043 Capitolio,
770 986 909 1022 interea
932 1000 1016 1034 pop.
1041 988 1145 1023 Rom.
1174 987 1398 1033 (incertum,
1428 985 1631 1024 subiiciena

193 1037 295 1074 tibus
324 1036 502 1074 Gordiani
531 1036 656 1072 amicis
686 1049 727 1073 ac
753 1035 980 1076 necessariis,
1008 1048 1053 1072 an
1085 1047 1228 1072 tantum
1260 1037 1465 1072 rumoribus
1499 1034 1632 1082 exciti)

197 1086 293 1123 fatto
313 1086 356 1121 ad
384 1097 507 1133 portas
529 1085 729 1127 concursu,
762 1088 801 1128 z.)
830 1085 924 1120 viam
954 1097 1023 1130 qua
1054 1085 1130 1121 itur
1155 1085 1196 1122 in
1229 1087 1277 1122 Ca
1310 1083 1478 1126 itolium.
1513 1096 1632 1122 totam

132 1144 180 1172 10
199 1135 367 1172 conferta
391 1134 630 1171 multitudine
650 1144 940 1181 occupauerant:
968 1133 1186 1182 lapidesque
1214 1147 1252 1171 et
1287 1134 1378 1171 ustes
1408 1136 1634 1181 ingerentes.

196 1185 305 1221 rebus
330 1184 367 1220 in
388 1183 575 1229 Capitolio
598 1182 682 1220 aftis
704 1182 1008 1224 aduersabantur,
1036 1184 1290 1221 acMaximum
1308 1184 1348 1219 in
1368 1182 1492 1229 primis
1524 1194 1632 1219 recu-

193 1232 336 1273 santes,
361 1233 400 1278 a)
423 1231 646 1269 seueriorem
667 1231 808 1269 scilicet
828 1244 935 1279 quam
957 1243 998 1268 vt
1017 1245 1104 1268 eum
1135 1231 1261 1279 (leuis)
1291 1231 1491 1269 multitudo
1520 1230 1632 1268 facile
1675 1238 1679 1239 ⁷

197 1291 396 1330 pateretur.

449 1293 579 1329 magna
599 1282 690 1317 enim
707 1279 882 1328 industria
908 1281 1174 1330 vigilantiaque
1200 1280 1280 1330 vsus
1300 1283 1436 1329 fuerat
1463 1279 1632 1330 aduersus

133 1339 175 1366 11
197 1330 459 1379 improbitatem
477 1342 520 1365 ac
537 1331 719 1366 leuitatem
739 1332 954 1378 quorundum
978 1342 996 1365 e
1022 1331 1128 1378 plebe.

1185 1333 1419 1385 Quapropter
1440 1339 1633 1366 metuentes·

200 1392 245 1416 eo
257 1379 415 1416 maxime
428 1377 726 1420 offendebantur,
753 1379 951 1415 clamantes
977 1378 1183 1416 identidem
1199 1391 1240 1415 ac
1259 1378 1475 1415 minitantes
1486 1389 1632 1415 vtrum-

839 1428 934 1465 Nam
956 1427 1019 1475 ipsi
1044 1440 1086 1464 ex
1113 1427 1296 1464 Gordiani
1327 1439 1461 1474 genere
1491 1425 1635 1473 princi-

199 1489 284 1525 pem
307 1475 368 1512 libi
398 1476 659 1523 deposcebant,
686 1489 724 1513 vt
742 1477 781 1514 in
793 1477 933 1514 familia
954 1476 1184 1525 nomineque
1203 1490 1248 1513 eo
1262 1479 1298 1520 h)
1309 1488 1448 1512 nomen
1466 1475 1626 1523 impera·

639 1525 813 1562 Balbinus
832 1537 954 1563 autem
976 1538 1015 1561 ac
1036 1526 1216 1562 Maximus
1231 1551 1241 1568 ‚
1289 1524 1463 1573 equestris
1491 1522 1635 1560 ordinis

199 1574 412 1616 iuuentute,
430 1586 542 1622 atque
553 1575 697 1611 vrbanis
709 1575 902 1615 militibus,
926 1587 1009 1612 cum
1021 1574 1162 1624 gladiiS,
1185 1575 1351 1623 vndique
1362 1572 1494 1620 stipati,
1507 1571 1635 1622 egredi

200 1623 392 1670 Capitolio
413 1625 664 1661 conabantur:
704 1624 764 1660 sed
795 1623 978 1671 lapidibus
1005 1636 1049 1658 ac
1080 1624 1235 1660 fustibus
1266 1622 1443 1660 coerciti:

1496 1622 1634 1663 donec,

199 1677 233 1718 c)
258 1672 476 1709 subiiciente
508 1673 629 1709 nescio
657 1685 756 1720 (μισ,
807 1673 851 1708 ad
880 1675 981 1710 hunc
1006 1673 1159 1709 modum
1189 1673 1328 1720 populo
1356 1671 1635 1720 imposuerunt:

137 1726 181 1762 14
202 1722 288 1758 Erat
309 1731 397 1768 puer
416 1723 588 1770 quidam,
618 1722 743 1758 ini-*ans
763 1723 900 1765 adhuc,
932 1734 978 1759 ex
1006 1721 1186 1758 Gordiani
1213 1719 1287 1758 filia
1317 1734 1444 1764 natus,
1488 1731 1631 1757 nomen

202 1770 261 1807 aui
280 1769 454 1813 referens.

505 1773 618 1807 Hunc
638 1771 773 1820 igitur,
807 1770 979 1807 submiflis
999 1770 1240 1817 quibusdam,
1267 1770 1386 1807 afferri
1406 1772 1449 1807 ad
1469 1770 1503 1806 se
1529 1768 1636 1805 iuss'e-

363 1820 425 1867 qui
447 1833 558 1867 quum
578 1821 678 1856 domi
699 1833 784 1857 eum
813 1820 1059 1857 ludibundum
1080 1818 1337 1861 offendissent,
1364 1818 1573 1868 impolitum
1593 1817 1636 1854 in

202 1869 380 1905 humeros
400 1881 463 1916 per
484 1868 640 1906 mediam
661 1869 834 1906 ferebant
854 1868 1156 1909 multitudinem,
1188 1869 1285 1915 plebi
1318 1868 1566 1908 ostentantes,
1593 1877 1636 1902 ac

202 1917 425 1966 nepotulum
456 1918 637 1955 Gordiani
669 1917 903 1961 dictitantes,
935 1920 976 1962 d)
1001 1929 1250 1966 vocantesque
1277 1930 1364 1954 eum
1390 1916 1639 1954 nominatim:

202 2015 295 2119 liegii
312 2016 546 2103 gffzbgngffiuxg
552 2016 895 2114 oiliitlie'iipbrliiitliiiioliiis

202 2113 391 2150 editiones
410 2113 484 2150 hoc
511 2115 550 2151 in
579 2116 687 2151 loco:
713 2113 801 2150 alibi
829 2126 894 2150 au·-

203 2172 279 2197 tem
299 2163 412 2200 modo
433 2163 528 2204 hoc,
556 2163 670 2201 modo
693 2163 800 2201 illud.
823 2164 895 2200 Sed

201 2209 294 2246 alius
314 2211 387 2247 fuit
407 2213 580 2254 Albinus,
607 2213 653 2249 de
671 2224 747 2262 quo
760 2211 898 2260 scripsit

201 2259 436 2296 Herodianus
454 2262 517 2298 lib.
536 2262 664 2298 tertio.
697 2262 816 2310 Steph.
855 2263 896 2296 ln

201 2307 270 2344 Gr.
300 2319 452 2356 quoque
479 2311 586 2346 Fastis
605 2312 756 2348 Albinus
773 2311 897 2346 norni-

200 2365 311 2393 natur
334 2370 368 2404 p.
389 2368 447 2402 40-
481 2360 540 2395 scd
567 2372 586 2394 a
613 2359 723 2396 Fastis
746 2358 893 2396 Latinis

202 2406 416 2452 appellaturi
434 2407 619 2451 Balbinus,
676 2408 806 2445 itidem
825 2419 898 2455 que

203 2465 223 2490 a
242 2453 383 2492 Latinis
406 2455 597 2494 Caesareae
619 2457 787 2494 historiae
815 2457 897 2494 scri-

200 2503 396 2550 Ptoribus,
423 2515 461 2539 et
491 2506 553 2543 Gr.
583 2506 752 2554 Eutropii
782 2516 896 2542 meta·

199 2552 356 2600 phralie.
388 2553 476 2598 Sjylb.

243 2601 289 2648 y)
314 2602 389 2637 Aut
418 2601 669 2638 Graccismum
700 2603 761 2639 hic
794 2603 892 2640 vsur-

199 2650 306 2697 pauit
329 2650 547 2693 politianus,
576 2652 893 2702 autfimpliciorum
942 2653 1135 2699 pellantes.

195 2698 317 2748 scripsi
323 2712 346 2737 t.
371 2700 463 2747 Sylb.

993 2019 1032 2060 z)
1058 2015 1220 2057 cliuum,
1249 2027 1326 2062 quo
1352 2036 1389 2045 —
1416 2016 1558 2053 Memm.

993 2068 1032 2113 a)
1061 2066 1126 2113 qui
1156 2064 1317 2102 seuerius
1354 2063 1390 2102 se
1418 2064 1568 2113 gesserat
1595 2061 1637 2100 in

946 2114 1170 2163 praefestura
1180 2113 1275 2150 vrbis
1287 2124 1416 2150 contra
1431 2113 1638 2160 improbam

946 2176 983 2201 et
1010 2164 1133 2200 leuem
1159 2163 1459 2205 multitudinem,
1489 2162 1635 2198 Memm.

947 2215 1032 2253 vel.
1055 2212 1117 2261 qui
1138 2210 1353 2261 rigidiorem
1373 2215 1408 2248 le
1430 2212 1467 2248 in
1489 2210 1633 2267 pfvrb.

949 2264 1183 2309 praebuerat,
1227 2260 1342 2297 acrius
1373 2272 1447 2308 que
1473 2256 1637 2294 ammad-

947 2320 1106 2347 verterat
1118 2310 1154 2345 in
1175 2310 1365 2356 improbos
1382 2320 1423 2343 ac
1441 2308 1542 2344 leues
1552 2306 1638 2343 vul-

946 2359 1041 2410 garis
1061 2359 1189 2395 turbae
1211 2358 1393 2393 homines.
1421 2357 1512 2404 Sylb.

995 2408 1030 2454 b)
1069 2418 1204 2442 nomen
1224 2406 1484 2453 Imperatoriae
1514 2401 1637 2453 digni·

947 2456 1031 2496 tatis
1051 2468 1138 2495 rem.
1162 2456 1276 2503 steph.

946 2552 968 2588 d
992 2508 1026 2552 c)
1053 2505 1303 2588 adgiorzente,
1330 2503 1412 2546 vel,
1439 2498 1638 2540 confilium

972 2564 1067 2590 ante.
1117 2564 1151 2588 te
1200 2578 1210 2588 .

989 2605 1029 2648 d)
1055 2562 1234 2688 eumliiige
1256 2601 1358 2688 ilblius
1398 2601 1554 2641 nomine
1573 2597 1636 2651 ψ’·

1215 2659 1270 2701 tep
1298 2677 1308 2687 .
