1707 3029
202 133 296 181 343
638 124 1168 170 COMMENTARIVS

312 248 508 294 litianus,
553 246 717 286 welche
745 245 818 285 der
848 245 1164 300 Heramgeber,
1207 259 1337 287 wenn
1367 246 1422 286 sle
1446 245 1534 284 ihm
1554 261 1607 285 zu
1647 242 1653 248 ”

312 305 548 345 rednerisch
571 303 735 349 semen,
777 312 907 342 etwas
931 302 1183 357 abgeandert
1209 302 1295 342 hat.
1354 304 1489 342 Unter
1513 303 1606 342 dem

312 365 450 402 Texte
494 361 634 399 stehen
683 361 821 414 einige
872 360 1198 415 Anmerkungen
1244 357 1316 399 des
1352 348 1606 414 Stephanus,

310 420 543 460 Memmius
560 448 575 464 ,⁴
623 416 823 471 Sylburgs
854 416 940 455 und
969 416 1040 456 des
1080 417 1417 470 Herausgebers‚
1469 417 1608 457 worin

313 477 385 515 der
424 475 691 514 Herodianus
723 475 800 512 mit
831 473 912 513 den
956 473 1225 528 scriptoribus
1259 473 1352 516 hist.
1396 472 1607 528 augustae,

311 535 404 573 dem
426 534 514 571 Dio
538 532 623 570 und
636 534 820 571 Zonaras
843 529 1082 584 verglichen
1104 531 1223 569 wird.
1313 532 1404 569 Der
1426 532 1607 570 Heraus-
1683 529 1685 531 ¹

312 591 437 645 geber
458 590 530 628 hat
550 590 643 628 eine
668 589 821 627 andere
842 587 1121 642 Eintheilung
1144 588 1186 626 in
1212 587 1377 641 Capite]
1400 587 1606 642 gernaqffl,

1300 644 1310 651 ψ

310 648 372 688 als
395 648 462 686 die
494 649 536 685 in
561 647 632 685 der
655 644 1034 698 Strassburgifchen
1060 644 1249 699 Ausgabe
1271 647 1329 693 iit.
1544 667 1546 671 v

250 728 307 736 —
365 704 533 743 historia
557 705 625 742 Gr.
649 715 688 742 et
704 704 799 741 Lat.
823 717 895 754 per
915 703 976 743 Io.
999 703 1217 741 Patonum.
1247 701 1402 740 Edinb.
1433 711 1551 756 1724.
1567 708 1604 746 8.
1684 710 1686 712 ’

251 783 309 794 -—
365 762 462 800 libri
483 773 576 810 oeto
600 759 651 799 de
672 759 847 813 irnperio
871 758 959 811 post
979 761 1199 797 Marcum:
1238 758 1308 798 vel
1333 758 1383 797 de
1400 757 1484 796 [uis
1505 768 1608 797 tem·

307 821 504 872 poribus:
551 817 713 872 Angelo
752 816 961 855 Politiano
1008 817 1248 869 interprete.
1337 820 1414 854 Am
1457 814 1627 854 Endees

309 877 436 931 Quod
451 876 617 930 quidem
634 889 738 928 opus
753 888 910 911 nouum
927 883 967 911 et
978 887 1149 911 aureum
1163 873 1283 911 Plato
1297 872 1347 910 de
1361 869 1605 911 Benedictis

307 934 601 973 accuratiffime
625 934 667 970 A.
690 933 747 970 D.
775 934 902 980 1493(
927 929 1064 983 pridie
1082 929 1230 968 Kalen.
1253 929 1506 982 Septembris
1527 929 1607 967 Bo-

307 993 461 1030 noniae
496 1005 619 1045 quam
659 987 948 1043 pulcherrimis
985 987 1052 1025 his
1093 987 1367 1025 caracteribus
1395 986 1605 1039 impreffit.

305 1048 381 1087 fol.
439 1071 494 1078 ——
547 1049 643 1086 Von
676 1046 757 1084 den
787 1044 1102 1085 Bewundercrn
1136 1043 1222 1082 und
1257 1042 1436 1082 Tadlern
1473 1041 1608 1081 dieser

306 1105 623 1160 Uebersetzung
642 1105 755 1142 kann
779 1101 1071 1155 nacbgesehen
1098 1101 1273 1140 werden
1294 1100 1523 1140 Rienlzenii
1544 1099 1608 1137 hi-

306 1161 424 1202 storia
444 1163 554 1202 vitae
576 1161 775 1200 Politiani
793 1174 836 1213 p.
864 1167 937 1209 148
971 1181 1026 1188 —-
1059 1163 1150 1199 160.

247 1244 304 1252 ——
363 1219 590 1259 Remische
623 1217 803 1273 Historie
837 1218 879 1255 in
913 1217 1028 1260 VIII,
1058 1215 1252 1254 Bfichem
1296 1237 1353 1245 —
1397 1212 1606 1252 ubersetzt

307 1293 390 1317 von
431 1278 480 1316 G.
519 1278 622 1332 Aug.
654 1274 934 1329 Detharding.
977 1273 1223 1328 Copenhag.
1265 1287 1305 1310 u.
1344 1272 1495 1325 Leipz.
1549 1292 1606 1301 -
1649 1292 1651 1301 ἲ

310 1351 326 1375 Ῑ
424 1368 432 1377 η
463 1344 497 1380 8
516 1341 542 1358 ιι

304 1349 525 1431 Ρῖιῗῖἔὶῑειεο
543 1389 879 1442 [υρρεᾶἰῑεηιυ5,
925 1402 1031 1441 quae
1060 1387 1135 1441 ipfi
1153 1387 1380 1440 reperimus
1403 1384 1606 1437 adscripta

189 1451 234 1490 in
254 1448 422 1504 plagula
446 1458 541 1487 ante
564 1446 688 1486 Polit.
720 1447 836 1485 Vers.
870 1445 1085 1497 Antvverp.
1115 1457 1137 1481 a
1171 1441 1442 1488 Griinnielio,
1493 1442 1607 1480 Con-

188 1518 350 1548 rectore
380 1505 590 1560 quondam
615 1515 655 1543 et
675 1502 833 1554 collega
856 1501 960 1539 mihi
994 1500 1169 1539 Scholae
1199 1498 1370 1538 nostrae.
1430 1499 1605 1545 „Hero-

191 1564 341 1602 dianus
356 1594 367 1612 ,
398 1562 572 1617 scriptor
595 1562 665 1600 Gr.
681 1590 692 1609 ,
722 1559 830 1598 vixit
848 1558 1021 1602 sec,III.
1045 1571 1068 1595 a
1092 1555 1254 1597 Christo
1273 1565 1386 1597 nato.
1415 1577 1473 1586 —-
1504 1551 1605 1600 Edi-

189 1632 342 1662 tiones.
469 1639 471 1641 ·

248 1677 482 1718 Herodiani
503 1677 626 1719 Rem,
646 1672 758 1714 Hist.
778 1696 835 1704 —
865 1682 902 1717 8.
941 1670 1080 1712 Halle.

304 1758 362 1767 -—
534 1757 591 1765 --
648 1755 705 1763 —
762 1745 848 1771 von
868 1728 1148 1782 Detharding.
1178 1724 1369 1780 Copenh.
1390 1740 1429 1764 u.
1453 1724 1606 1778 Leipz.

472 1805 489 1834 1
585 1820 593 1828 .
651 1823 659 1831 .

254 1860 374 1899 1503.
397 1849 472 1889 fol.
497 1800 742 1891 {ffgngiani
768 1859 789 1884 a
821 1842 960 1884 Marci
1002 1843 1248 1895 Principatu
1286 1838 1504 1887 historiae,
1565 1847 1606 1876 et

468 1904 767 1945 Eum-rationes
789 1902 985 1954 antiquae
1015 1900 1058 1937 in
1080 1895 1371 1951 Thucydidem
1386 1926 1395 1943 ‚
1437 1894 1603 1935 additae

466 1964 617 2018 Georg.
641 1958 813 2000 Gemisti
841 1957 869 1996 s.
895 1955 1113 1997 Plethonis
1136 1955 1186 1995 de
1206 1969 1346 2009 pugna
1368 1953 1605 1993 Mantinea.

463 2023 613 2062 Venet.
635 2017 744 2072 apud
767 2016 861 2055 Ald.

248 2093 371 2134 1517.
398 2089 433 2126 8.
461 2076 694 2118 Herodiani
725 2073 815 2114 hist.
846 2072 919 2112 lib.
950 2072 1068 2127 VIU.
1100 2070 1171 2111 Gr.
1201 2080 1242 2108 et
1274 2069 1369 2108 Lat.
1402 2082 1455 2107 ex
1478 2068 1599 2105 inter·

465 2146 571 2190 pret.
599 2136 702 2187 Ang.
725 2130 853 2174 Polit.
875 2129 1096 2168 Accedunt
1141 2150 1199 2158 —
1246 2125 1358 2165 Flor.
1388 2139 1461 2179 per
1491 2122 1600 2163 Phil.

462 2196 641 2233 qutam.

248 2263 372 2303 1524.
394 2261 434 2300 8.
463 2247 699 2290 Herodiani
719 2244 858 2284 histor.
880 2243 977 2282 libri
1002 2243 1118 2283 VIII.
1141 2245 1211 2280 Gr.
1233 2251 1274 2280 et
1293 2241 1389 2279 Lat.
1425 2260 1482 2271 υ·-
1521 2237 1602 2276 Ve-

464 2317 548 2347 net.
585 2307 628 2344 in
650 2302 834 2342 Aedibus
858 2301 968 2340 Aldi.
1508 2318 1512 2323 -

250 2377 370 2418 158¹·
391 2376 430 2417 4.
459 2363 693 2404 Herodiani
712 2358 853 2402 histor,
874 2358 900 2400 1.
923 2357 1038 2401 ΨΠῙ,
1061 2357 1129 2400 Gr,
1154 2366 1195 2395 et
1216 2357 1310 2394 Lat.
1348 2374 1405 2382 —
1449 2364 1522 2404 per
1543 2350 1600 2392 H.

465 2423 535 2461 Ste
573 2422 610 2458 b.

249 2485 370 2521 1611.
397 2489 433 2525 8.
463 2436 620 2518 Heiibd.
646 2473 735 2515 hist.
756 2472 783 2511 l.
805 2473 919 2512 VIII.
945 2472 990 2514 it,
1013 2469 1165 2508 Zosimi
1190 2465 1279 2505 hist.
1303 2465 1373 2507 lib.
1396 2478 1433 2508 2.
1465 2464 1535 2502 Gr.
1559 2473 1600 2502 et

463 2538 559 2576 Lat,
589 2547 661 2587 per
685 2532 741 2572 H,
764 2529 911 2584 Steph.
935 2526 1074 2582 Lugd.
1103 2525 1183 2575 (fic
1207 2526 1248 2562 in
1272 2523 1368 2563 bibl.
1390 2521 1598 2562 Menken.

462 2593 508 2633 P.
531 2593 564 2632 Ι.
590 2606 627 2643 p.
657 2603 745 2639 139.
771 2587 1019 2635 Nr.1474.)
1414 2596 1418 2597 ν

250 2656 371 2701 1624.
398 2659 436 2695 8.
472 2646 632 2687 Herod.
654 2644 743 2683 hist.
766 2642 920 2685 LVIIl.
946 2642 1015 2678 Gr.
1037 2654 1127 2678 cum
1150 2639 1243 2679 Lat.
1256 2635 1466 2692 Ang.Pol.
1490 2635 1597 2674 eius·

463 2720 543 2761 que
565 2703 756 2744 examine
777 2710 817 2740 et
838 2697 997 2739 emend.
1020 2697 1075 2740 H.
1099 2695 1244 2749 Steph.
1275 2717 1331 2726 -
1358 2691 1498 2748 Lugd.
