1707 3029
588 67 904 115 LIBER
979 68 1035 113 V.
1445 72 1512 124 87

73 192 174 241 plum
195 190 350 230 itatem,
376 189 539 226 libenter
556 187 696 226 scilicet
713 188 984 226 adolescentem
1005 188 1258 226 intuebantur.
1305 190 1418 229 Erant
1445 203 1510 227 au·
1534 211 1574 246 ¹8

72 252 149 279 tem
173 240 281 278 exiis
301 237 607 275 nonnulliRoma
643 238 811 288 profugi,
847 239 987 274 Maeiae
1019 237 1237 273 familiares:
1286 243 1418 283 quibus
1446 241 1506 276 illa

70 287 229 326 formam
254 288 354 334 pueri
374 288 662 323 admirantibus,
693 287 917 333 (incertum,
948 287 1102 322 mentita
1126 300 1309 324 anverum
1334 289 1505 334 profem)
1533 313 1574 347 ¹9

70 337 187 375 filium
211 339 337 385 vtique
355 338 425 373 ess‘e
451 337 502 372 ait
522 335 729 376 Antonini,
754 337 919 385 quamuis
938 338 1088 372 alterius
1119 347 1318 382 putaretur.
1367 339 1507 386 quippe
1530 364 1576 389 20

71 399 154 423 cum
177 386 246 424 suis
266 388 441 425 natabus,
468 385 750 422 adolescentulis
771 385 892 421 adhuc
923 397 960 421 et
988 385 1179 425 fotmoiis,
1226 400 1301 422 rein
1333 387 1506 426 habuisse,

69 448 146 483 quo
167 447 335 483 tempore
356 435 428 482 ipsa
450 434 487 470 in
511 434 645 480 palatio
667 433 768 470 simul
790 447 872 470 cum
894 436 1016 470 sorore
1038 435 1209 480 agitabat.
1239 436 1286 472 Ea
1310 448 1366 471 res
1385 437 1506 472 audita
1527 462 1571 489 21

69 486 115 521 ab
137 484 230 525 illis,
259 497 298 520 ac
319 483 446 520 senlitn
465 483 737 519 communicata
756 482 912 530 reliquis
941 483 1287 526 commilitonibus,
1327 498 1393 531 per
1424 486 1506 520 vni—

68 533 212 570 uersum
233 533 396 580 denique
414 532 616 568 exercitum
640 532 781 580 vulgata
805 535 864 568 est.
916 534 1029 568 Porro
1049 532 1156 568 etiam
1189 546 1340 569 aceruos
1373 537 1506 569 babere
1527 560 1570 586 22

68 595 307 619 nummorum
329 581 446 618 Maesa
470 581 681 621 dicebatur,
716 581 901 626 facileque
927 594 1056 618 omnes
1089 582 1269 619 militibus
1295 585 1505 629 elargitum,

67 630 93 667 fi
113 633 226 668 modo
247 628 445 678 imperium
468 630 555 667 suae⁴
571 629 689 665 soboli
712 630 974 667 restitueretur.
1023 631 1292 668 l’ollicentibus
1314 640 1437 667 autem
1470 632 1504 668 se
1524 658 1568 696 ²3

67 692 148 716 eam
173 692 256 716 cum
279 680 368 719 suis,
396 679 419 715 fi
439 678 550 715 noEtu
574 680 784 716 clanculum
810 680 848 714 in
867 681 973 716 castra
994 679 1159 720 venisset,
1190 682 1399 726 patentibus
1421 693 1504 727 por-

69 728 118 765 tis
138 741 378 775 excepturos,
400 729 436 774 c)
461 740 572 775 atque
593 728 777 764 Antonini
806 727 923 764 filium
952 729 1213 774 imperatorem
1241 730 1505 770 ‹ie-laraturos.

65 779 111 821 d)
138 776 232 813 nihil
261 777 401 814 scilicet
433 776 614 814 recusauit
641 789 753 819 anus,
804 777 947 814 decreta
982 779 1186 825 periculum
1217 780 1376 826 quoduis
1404 778 1504 814 adire

64 838 174 874 quam
199 827 312 862 vitam
347 827 470 864 colere
499 826 677 872 priuatam
710 838 820 874 atque
850 828 1037 863 abiestam.
1113 830 1351 874 Quapropter
1394 829 1503 864 noc'ltu
1526 859 1570 892 „4

65 876 272 913 clanculum
294 876 383 912 vrbe
411 875 540 924 egressa
569 888 650 912 cum
670 875 807 925 liberis
834 879 1117 922 nepotibusque
1153 877 1247 916 suis,
1291 877 1503 914 deducente
1525 875 1542 883 ”

42 923 163 971 ’ἶρΐοε
190 926 431 973 profugorum
453 923 614 961 militum
635 924 803 972 agmine,
832 925 941 960 facile
964 926 1002 960 in
1032 926 1138 960 castra
1161 925 1390 963 admittitur:
1434 926 1501 962 ibi-
1524 957 1565 990 ,ς

61 984 138 1020 que
157 975 311 1019 puerum
332 974 526 1011 confestim
545 972 682 1009 milites
705 974 866 1010 vniuerli
895 974 1132 1011 Antoninum
1152 976 1380 1021 appellatum
1394 1002 1404 1016 ,
1447 985 1500 1010 at·
1523 973 1540 981 ”

62 1034 136 1070 que
156 1024 328 1060 indutum
350 1035 536 1069 purpura,
560 1022 824 1060 custodiebant.
877 1025 977 1059 Tum
1001 1035 1212 1059 commeatu
1242 1024 1366 1065 omni,
1401 1023 1502 1060 simul
1524 1049 1569 1083 26

58 1082 146 1107 cum
177 1072 247 1107 suis
269 1071 364 1107 natis
402 1084 440 1108 et
468 1071 717 1119 coniugibus,
771 1072 999 1119 caeterisque
1020 1075 1111 1108 adeo
1141 1074 1247 1110 rebus
1276 1073 1502 1119 importatis,

61 1131 151 1166 quas
173 1119 211 1156 in
232 1121 322 1156 vicis
333 1120 736 1168 agrisque'propinquis
748 1121 952 1162 habebant,
976 1124 1024 1158 ita
1043 1121 1080 1158 se
1105 1122 1204 1158 intus
1232 1125 1504 1170 comparabant,

60 1178 102 1204 vt
119 1169 252 1212 etiam,
279 1168 304 1205 fi
325 1182 420 1218 opus
439 1169 562 1211 foret,
591 1170 819 1216 (castrorum)
840 1170 1071 1215 obsidionem
1102 1172 1333 1219 exciperent.

755 1294 823 1331 w.
868 1277 871 1280 ’

57 1356 196 1440 Quae
212 1358 273 1395 vbi
295 1359 463 1397 nuntiata
481 1359 649 1397 Macrino
670 1358 778 1401 sunt,
820 1359 1046 1397 Antiochiae
1077 1359 1260 1402 moranti,
1306 1361 1340 1408 e)
1372 1359 1501 1398 dedito

183 1421 248 1456 per
292 1419 449 1445 caeteros
490 1410 673 1446 exercitus
720 1422 868 1445 rumore
893 1435 904 1450 ‚
977 1422 1165 1457 repertum
1221 1410 1418 1453 Antonini.
1458 1409 1501 1446 fi-

55 1457 171 1499 lium,
221 1459 394 1505 pecunias
423 1458 606 1495 militibus
637 1457 784 1508 elargiri
818 1459 931 1495 Iuliae
965 1460 1150 1495 sororem:
1222 1472 1338 1506 quum
1374 1460 1500 1495 omnia

54 1518 305 1554 quaecunque
349 1508 584 1550 dicerentur,
643 1520 704 1544 aut
748 1507 819 1544 effe
870 1508 947 1544 vllo
991 1507 1107 1544 modo
1163 1520 1361 1555 poterant,
1430 1522 1499 1557 pro

56 1557 154 1592 veris
174 1555 519 1602 acciperentur,f)
548 1558 760 1603 pendebant
782 1557 914 1593 animis
936 1571 1092 1593 omnes:
1132 1570 1243 1605 atque
1273 1571 1338 1594 eos
1368 1559 1412 1595 ad
1441 1570 1497 1595 res
1542 1576 1563 1601 2

53 1617 174 1642 nouas
203 1605 431 1647 moliendas,
473 1619 558 1642 cum
591 1605 782 1653 proprium
817 1607 977 1642 Macrini
1003 1607 1157 1648 odium,
1194 1617 1277 1644 tum
1307 1607 1496 1643 Antonini

53 1654 259 1692 memoriae
280 1656 454 1701 quaedam
473 1655 570 1700 quali
590 1655 863 1693 commiseratio
887 1656 1094 1704 subigebat:
1132 1656 1193 1692 sed
1224 1655 1409 1702 imprimis
1436 1670 1498 1703 pe·
1542 1671 1562 1710 3

53 1703 247 1741 cunia-um
272 1703 376 1749 spes,
401 1716 442 1740 vt
462 1705 570 1740 multi
593 1704 661 1740 iam
688 1717 730 1741 ex
750 1705 794 1740 iis
809 1706 850 1740 ad
877 1717 1019 1741 nouum
1033 1706 1271 1743 Antoninum
1289 1706 1500 1754 transfuge-

54 1762 153 1789 rent.
201 1754 253 1788 At
274 1753 461 1790 Macrinus
480 1766 558 1790 rem
581 1765 697 1790 totam
712 1779 723 1797 ‚
751 1753 847 1801 quasi
868 1754 1070 1800 puerilem,
1096 1766 1366 1792 contemnens,
1405 1768 1498 1791 con·
1542 1775 1566 1809 4

55 1803 273 1849 suetamque
305 1802 482 1839 obtinens
511 1802 624 1838 animi
653 1803 902 1844 alacritatem,
956 1804 1056 1839 domi
1090 1803 1165 1849 ipse
1188 1803 1339 1844 sedens.
1381 1817 1497 1841 vnum

46 1854 94 1900 g)
114 1851 213 1888 esuis
233 1850 387 1898 ducibus
403 1851 533 1892 mittit,
567 1852 709 1888 traditis
730 1851 861 1899 copiis,
887 1864 1047 1900 quantae
1067 1856 1110 1888 ad
1139 1854 1295 1889 rebelles
1314 1855 1498 1900 facillime

53 1901 322 1947 expugnandos
343 1900 563 1937 viderentur
583 1900 805 1938 suffeflurae.
860 1903 911 1936 Vt
929 1914 1054 1938 autem
1074 1914 1119 1938 eo
1142 1902 1312 1948 peruenit
1331 1904 1497 1939 Julianus
1544 1921 1564 1956 5

51 1949 107 1994 (id
129 1949 228 1984 enim
251 1962 389 1986 nomen
413 1949 596 1996 praefecto
617 1951 708 1994 fuit)
736 1963 777 1985 ac
797 1950 868 1986 iam
889 1951 1086 1987 moenibus
1107 1951 1344 1992 succedebat,
1378 1952 1497 1987 statim

51 1996 179 2034 inclusi
204 1998 340 2034 milites
363 2011 515 2044 puerum
537 1999 714 2035 exercitui
736 1999 869 2035 infesto
892 2000 936 2035 de
958 2001 1121 2036 turribus
1147 1999 1348 2046 pinnisque
1377 2000 1499 2036 osten-

51 2057 152 2083 tate:
180 2046 398 2089 vociferari,
422 2048 609 2083 Antonini
635 2046 775 2083 filium:
804 2048 964 2084 sacculos
987 2059 1139 2094 quoque
1159 2061 1400 2097 nummorum
1421 2051 1499 2095 ple·

50 2106 135 2135 1108,
162 2107 327 2143 magnam
346 2094 462 2131 escam
480 2095 620 2131 scilicet
641 2096 891 2140 proditionis,
916 2098 1103 2132 attollere.
1156 2100 1204 2134 At
1225 2096 1303 2138 illi,
1350 2097 1496 2135 credito
1541 2109 1566 2143 6

50 2143 240 2181 Antonini
260 2143 330 2179 effe
352 2142 470 2181 filiurn
495 2155 533 2179 et
558 2145 752 2190 (quoniam
772 2143 817 2180 lic
838 2144 965 2180 videre
988 2145 1180 2191 volebant)
1217 2144 1311 2181 facie
1343 2159 1496 2195 quoque

49 2204 91 2229 et
109 2192 342 2229 lineamentis
362 2204 469 2241 quam
490 2191 713 2229 simillimum
740 2193 1009 2230 existimantes,
1052 2206 1164 2239 caput
1192 2206 1386 2242 amputant
1408 2195 1500 2232 Iuli-

50 2253 148 2285 ano,
174 2241 411 2291 mittuntque
430 2242 476 2279 ad
499 2242 719 2279 Macrinum.
769 2241 860 2291 ipsi,
898 2241 1062 2279 reseratis
1093 2243 1235 2291 portis,
1270 2243 1425 2282 vniuerfi
1457 2244 1500 2281 in

99 2374 132 2422 c)
157 2384 312 2421 puerum
354 2386 430 2421 que
482 2377 750 2421 Imperatorem
798 2385 910 2422 terpr.
937 2388 980 2411 ex
1004 2376 1081 2412 Cic.
1109 2377 1228 2424 Steph.

49 2433 89 2460 et
108 2424 303 2469 'Antonini
332 2423 454 2461 filium
483 2426 746 2466 declaraturos.
797 2437 801 2441 ’
845 2426 878 2470 e)
905 2425 1037 2461 reffius
1057 2426 1182 2462 didito.
1227 2426 1348 2476 Steph.

51 2473 196 2510 Memm.
836 2474 890 2521 f)
915 2473 1152 2521 obstupefaffi
1206 2487 1312 2511 erant
1350 2488 1496 2520 omnes,

97 2523 139 2569 cl)
165 2522 236 2557 sese
253 2522 423 2568 potestati
443 2522 596 2560 illorum
613 2523 746 2572 permi-
795 2524 855 2559 vel
872 2523 1024 2559 attoniti
1040 2537 1155 2560 erant.
1185 2525 1304 2572 Steph.

45 2570 107 2617 fit.
167 2572 320 2608 Breuius
349 2583 388 2607 et
413 2572 458 2608 ad
487 2573 665 2613 verbum,
704 2571 745 2620 [ι’
837 2572 882 2620 g)
914 2585 938 2608 e
971 2573 1123 2609 ducibus
1154 2574 1335 2610 exercitus
1362 2574 1498 2610 mittit.

47 2621 158 2670 ipsam
178 2621 250 2656 illis
270 2621 439 2657 tradidit.
503 2622 658 2669 Alioqui
689 2634 742 2663 et,
793 2621 912 2669 Stepb.
941 2623 1132 2659 velvnum
1148 2621 1496 2671 epraefessisprae-

49 2671 83 2716 [e
99 2679 210 2719 totam
240 2669 314 2707 illis
343 2671 524 2713 tradidit,
557 2670 667 2719 poffis
696 2671 751 2708 in-
798 2682 869 2708 tor.
894 2670 989 2719 Sylb.
