1761 3140
564 175 1064 222 LECTORIBVS.
1474 194 1509 224 v

218 304 304 348 XI,
344 300 744 348 Commentarius
778 300 838 347 de
872 300 1181 348 editionibus
1217 301 1507 350 Herodiani.

81 373 160 432 (p·
185 385 281 427 350
296 372 518 427 -474·)

219 443 328 485 XII.
378 438 536 484 Index
582 453 869 502 graecarum
916 454 1103 485 vocum
1147 439 1203 485 in
1240 450 1382 485 textu
1429 439 1506 503 (p.

85 521 181 568 475
195 534 261 543 —
286 525 302 552 1
317 510 459 567 166.)

220 579 359 624 XIII.
398 576 557 622 Index
587 591 874 641 graecarum
907 592 1117 633 vocum,
1163 577 1218 622 in
1249 576 1386 622 notis
1407 593 1508 622 rna-

82 645 217 691 xime
241 656 586 701 tractatarum,
625 656 733 690 tum
760 662 847 708 per
867 645 1116 703 excursus,
1154 645 1235 703 [ed
1260 657 1309 692 et
1329 646 1383 692 in
1405 656 1508 693 tex-

85 716 741 776 tum-(p-1167-1346-)
1122 712 1124 714 V

215 787 346 830 XIV.
386 783 544 828 Index
571 782 974 830 observationum
996 800 1084 845 per
1104 795 1248 830 notas
1271 795 1320 830 et
1337 799 1507 830 excur-

80 851 159 908 [us
182 870 207 899 e
231 868 410 914 genere
431 853 771 914 grammatico.
795 857 868 913 (p.
898 865 1021 911 1547
1037 879 1101 887 —
1119 854 1283 913 1626.)

215 926 320 967 XV.
378 921 535 966 Index
583 937 766 967 vocum
828 920 994 968 secum
1042 934 1128 968 aut
1180 920 1503 967 confusarum

78 1003 165 1036 aut
186 990 504 1036 variantium.
552 992 626 1050 (p.
670 993 793 1046 1627
813 1017 877 1025 —
899 993 1074 1052 1655.)
1146 992 1237 1035 Cui
1275 990 1506 1036 adhaeret

79 1059 238 1106 Index
281 1075 464 1104 vocum
535 1071 742 1105 accentu
800 1071 998 1106 tantum
1057 1060 1377 1106 variantium.
1426 1063 1503 1123 (p.

85 1131 225 1184 21655-
246 1127 350 1191 ῖς.)

212 1200 342 1243 XVI.
403 1196 563 1242 Index
602 1197 831 1242 locorum
847 1232 859 1252 ,
920 1213 981 1242 ex
1014 1197 1125 1242 aliis
1162 1196 1504 1258 scriptoribus,

75 1270 156 1316 Gr,
176 1277 223 1310 et
245 1270 353 1311 Lat.
368 1301 379 1319 ‚
419 1267 500 1310 vel
523 1265 904 1311 emendatorum
920 1302 931 1321 ‚
964 1267 1046 1312 vel
1068 1267 1432 1327 explicatorum
1454 1278 1505 1312 et

75 1333 453 1381 illustratorum.
486 1338 562 1395 (p.
598 1337 718 1390 1657
745 1363 797 1369 ——
823 1336 1001 1396 1665.)
1094 1337 1185 1381 Cui
1221 1335 1505 1381 adnectitur

74 1405 234 1450 Index
256 1404 470 1448 aliorum
493 1402 792 1465 scriptorum
810 1420 917 1450 non
942 1401 1272 1461 clafficorum,
1309 1421 1402 1451 nec
1423 1421 1503 1451 ve·

73 1485 263 1528 terum,
300 1489 386 1533 per
409 1477 568 1522 Notas
593 1485 640 1518 et
670 1472 914 1519 Exeat-sus
933 1474 1297 1536 productorum
1321 1475 1377 1519 in
1398 1490 1505 1537 par·

77 1555 179 1588 tem
206 1544 650 1604 utr.(p.1665--
680 1543 851 1602 2667.)

211 1613 366 1658 XVII.
419 1611 577 1656 Index
608 1609 753 1672 super
786 1627 935 1657 voces
959 1608 1175 1674 singulas
1197 1623 1282 1657 aut
1300 1610 1500 1675 phrases

74 1685 181 1728 Lat.
205 1681 261 1725 in
294 1684 375 1727 Vs.
407 1681 646 1743 Bergleri.
673 1681 754 1742 (ρ.
789 1684 994 1735 1665-
1013 1682 1184 1741 1713.)

209 1743 388 1796 XVIII.
430 1753 588 1795 Index
606 1761 854 1801 rerulmret
889 1749 1278 1807 sententiarum,
1317 1750 1372 1798 it.
1394 1767 1501 1813 per·

74 1818 326 1865 sonarum.
351 1823 429 1880 (p.
461 1834 513 1876 17
529 1832 590 1877 14
612 1843 666 1853 «-
687 1822 858 1880 1505.)

368 1982 1494 1994 m———n—-u—

76 2096 421 2145 fflMfficHro
457 2096 610 2140 vino
649 2095 1053 2140 DOCTISSIMO
1091 2096 1173 2140 10.
1211 2100 1269 2142 A.
1306 2078 1526 2143 ERNE-'

603 2187 705 2229 sn
741 2188 787 2230 s,
826 2188 878 2232 P.
916 2188 980 2230 D.

70 2305 269 2374 Accepi,
300 2334 406 2374 quae
432 2334 486 2357 ml
475 2317 537 2356 ihi
554 2317 733 2373 legenda
756 2317 919 2365 misisti,
928 2363 932 2364 ⁷
959 2328 1006 2357 ut
1027 2318 1127 2357 Tibi
1148 2318 1357 2368 dicerem,
1401 2321 1506 2376 quid

71 2378 195 2418 effem
220 2389 376 2421 auctor,
407 2387 548 2416 utrum
570 2391 616 2415 ea
638 2378 681 2415 in
700 2376 916 2431 publicum
939 2377 1194 2430 proferenda
1218 2390 1408 2431 putarem
1430 2393 1506 2434 per

73 2435 434 2502 typographorum
462 2434 693 2482 formulas,
739 2449 790 2472 an
821 2433 1063 2487 premenda.
1140 2436 1253 2490 Legi
1280 2450 1408 2490 ergo,
1457 2453 1502 2476 m

71 2496 219 2559 primis
254 2492 510 2534 orationem:
552 2485 747 2531 intellexi
783 2505 865 2545 que
898 2505 1013 2535 eam,
1050 2492 1188 2546 quoad
1221 2493 1391 2546 quidem
1424 2509 1503 2549 ego

75 2555 101 2590 i.
95 2552 260 2590 micare
288 2549 495 2605 pulsum,
518 2560 632 2589 recte
662 2549 869 2588 laudatam
893 2547 1004 2592 effex
1044 2549 1117 2588 sed
1141 2550 1254 2605 quod
1273 2550 1326 2590 ad
1347 2551 1503 2592 edendi

75 2609 292 2648 confilium
324 2608 548 2661 pertinet,
539 2606 723 2646 haereo
752 2606 878 2654 sane,
909 2605 983 2646 fed
1010 2618 1152 2647 tamen
1187 2609 1321 2662 magis
1342 2609 1501 2648 inclino

75 2666 126 2705 ad
148 2664 366 2719 premendi
386 2680 509 2720 quam
529 2664 579 2703 ad
604 2664 757 2704 edendi
780 2675 930 2719 partes,
972 2665 1072 2704 Non
1094 2665 1247 2712 dicam,
1268 2669 1503 2706 orationem

75 2723 157 2764 effe
198 2724 425 2772 vernaculo
464 2723 655 2762 sermone
697 2722 916 2777 scriptam:
967 2736 1207 2777 quanquam
1246 2734 1289 2763 et
1326 2724 1398 2764 hic
1430 2723 1502 2773 est,
