1707 3029
147 67 213 115 88
328 59 845 111 HERODIANI
907 60 1396 129 HISTORIAE

103 188 126 222 7
146 174 253 213 castra
274 174 521 221 accipiuntur.
571 175 623 210 lta
645 170 782 209 scilicet
800 171 972 208 adaustae
991 171 1140 220 copiae,
1175 185 1253 209 non
1283 171 1397 210 modo
1425 171 1470 208 ad
1489 171 1590 210 exci-

148 224 320 274 piendam
349 223 599 264 oblidionem,
629 219 754 262 sedfad
772 221 1040 258 conferendam
1061 233 1213 268 quoque
1232 234 1381 258 manum
1408 221 1588 258 dimican-

110 284 130 318 3
151 276 315 313 dumque
338 270 507 308 instruch
528 272 626 313 acie,
654 270 734 306 satis
752 269 920 306 futurae:
955 272 992 316 h)
1022 270 1291 318 transfugarum
1320 271 1430 307 etiam
1457 281 1587 318 magna

109 337 131 370 9
149 323 185 358 vi
210 315 384 369 paulatim
405 320 576 368 quotidie
598 320 633 355 se
661 329 894 366 aggregante.
953 319 1097 360 Quibus
1123 319 1261 356 auditis
1291 318 1475 356 Macrinus
1503 329 1587 354 cum

85 385 131 411 ιο
151 372 253 408 omni
276 369 440 407 exercitu
462 370 504 405 ad
526 369 633 404 castra
654 367 715 403 illa
743 369 992 415 oppugnanda
1015 369 1222 405 contendit.
1277 369 1498 405 Antoninus
1525 379 1590 403 au-

149 432 250 462 tem,
280 418 463 455 militibus
494 416 818 466 oppugnationem
840 417 935 452 haud
950 417 1249 464 expectantibus,
1275 418 1336 454 sed
1357 417 1384 461 i)
1408 414 1586 464 congredi

148 467 398 507 audentibus,
423 477 458 503 et
477 467 610 502 obuiam
629 465 796 502 Macrino
816 468 868 502 ad
879 466 1112 502 dimicandum
1130 465 1295 514 instruc‘li
1315 467 1400 507 acie,
1425 466 1586 508 prodire,

86 533 127 558 11
149 518 275 564 copias
294 528 425 552 omnes
445 514 582 552 educit.
614 536 617 537 ν
635 516 920 551 Concurrerunt
937 527 1058 551 autem
1078 515 1176 551 inter
1211 515 1247 551 se
1277 513 1462 553 exercitus
1489 524 1588 550 vter-

148 580 220 615 que
240 566 278 602 in
304 565 527 601 Phoeniciae
548 563 750 611 Syriaeque
771 562 930 606 finibus,
954 564 1070 600 acrius
1089 564 1290 600 dimicante
1308 562 1495 600 Antonini
1518 561 1601 599 mi-‘

86 630 129 656 12
149 617 241 655 lite,
269 613 519 654 conscientia,
549 623 727 658 metuque
747 624 911 658 poenae,
942 613 966 649 fi
988 613 1105 650 vic'tus
1134 613 1255 649 foret:
1302 623 1431 648 contra
1461 621 1589 648 autem

151 663 308 702 Macrini
331 661 494 698 exercitu
517 660 728 707 languidius
748 661 998 709 remiffiusque
1028 661 1207 709 praelium
1230 661 1456 706 capessente,
1489 660 1585 697 mul-

87 726 129 763 13
152 715 276 761 tisque
297 710 448 749 subinde
469 711 511 746 ad
529 709 766 746 Antoninum
799 710 1148 760 transfugientibus.
1208 712 1296 757 Qo
1323 708 1592 751 animaduerso,

148 762 339 800 Macrinus
352 770 468 797 ‚metu
487 772 535 795 ne
557 758 667 806 plane
690 759 864 796 omnibus
882 772 1012 797 exutus
1031 759 1173 805 copiis,
1206 759 1374 807 captiuus
1401 769 1588 806 ageretur,

152 810 246 849 nihil
270 822 346 845 non
368 808 525 855 passurus
545 807 818 850 contumeliae,
861 808 977 845 stante
1006 809 1124 845 adhuc
1153 809 1229 845 acie
1259 809 1489 855 chlamydem
1522 804 1591 842 fibi

152 870 413 905 caeterumque
432 856 711 902 imperatorium
734 856 895 894 detrahit
925 868 1118 895 ornatum:
1153 860 1351 905 paucisque
1378 870 1399 893 e
1418 854 1609 899 fidiffimisr

90 922 134 957 ¹4
152 908 190 953 k)
217 908 519 943 commilitonum
539 905 761 947 comitatus,
786 908 877 941 clam
899 907 1023 955 fugam
1044 918 1222 953 occupat:
1249 905 1477 952 detonsaque
1512 907 1592 942 bar-

152 959 217 998 ba,
243 969 291 992 ne
309 955 589 1003 agnosceretur,
610 953 748 1002 sumpto
771 956 877 991 etiam
905 956 1098 991 itinerario
1118 954 1359 996 vestimento,
1393 954 1592 1002 capiteque

90 1019 132 1054 ¹5
154 1007 297 1052 semper
316 1003 534 1044 conuelato,
560 1003 709 1040 nostem
734 1003 910 1052 diemque
929 1004 1164 1046 accelerabat,
1191 1004 1326 1039 famam
1346 1016 1497 1052 quoque
1507 1002 1591 1039 suae

152 1054 326 1092 fortunae
347 1052 598 1098 praeueniens.
651 1052 792 1101 quippe
810 1053 955 1101 ingenti
976 1052 1094 1090 studio
1114 1054 1143 1098 l)
1179 1053 1457 1090 commilitones
1487 1050 1592 1088 vebi-

153 1103 234 1140 cula
253 1103 456 1149 Vrgebant,
485 1103 604 1149 quali,
628 1101 796 1138 Macrino
817 1103 937 1138 adhuc
957 1115 1076 1139 rerum
1097 1102 1282 1149 potiente,
1308 1101 1448 1151 magnis
1467 1100 1514 1138 de
1532 1112 1594 1136 xe-

91 1157 134 1191 ι6
152 1153 221 1189 bus
238 1152 496 1188 mitterentur.
547 1152 617 1187 llle
638 1149 752 1198 igitur
770 1151 856 1199 fuga
877 1151 1061 1193 euaserat,
1087 1152 1400 1198 quemadmodum
1420 1149 1593 1187 diximus.

152 1204 297 1240 Interea
314 1209 433 1236 autem
451 1199 588 1235 milites
609 1199 784 1246 vtrinque
807 1201 1044 1247 pugnabant:
1072 1212 1181 1247 atque
1202 1213 1219 1235 a
1233 1200 1401 1245 Macrino
1424 1199 1593 1248 quidem,

153 1248 323 1296 corporis
345 1248 512 1285 custodes
531 1260 572 1282 ac
591 1248 781 1294 stipatores
829 1249 940 1294 (quos
971 1250 1226 1296 praetorianos
1257 1246 1404 1297 vocant)
1441 1247 1592 1284 fortiter

153 1298 286 1335 stantes
301 1322 311 1339 ‚
338 1297 522 1345 reliquum
543 1309 694 1333 omnem
734 1298 935 1333 exercitum
956 1297 1022 1333 soli
1050 1297 1285 1340 sustinebant,
1311 1298 1484 1334 videlicet
1505 1310 1593 1343 pro-

154 1347 227 1384 ceri
248 1346 422 1383 homines
442 1357 554 1392 atque
572 1358 615 1382 ex
640 1346 743 1381 omni
763 1358 922 1383 numero
946 1347 1095 1384 delesti:
1122 1358 1266 1384 caetera
1276 1347 1398 1383 omnis
1418 1345 1592 1383 multitu‘

91 1408 135 1441 17
155 1397 203 1433 do
223 1407 289 1441 pro
309 1394 507 1430 Antonino
527 1394 781 1441 praeliabatur.
851 1395 925 1431 Sed
953 1395 1014 1431 vbi
1045 1395 1108 1432 diu
1137 1408 1260 1443 neque
1286 1396 1491 1432 Macrinum
1518 1395 1596 1432 iam

154 1444 276 1492 ipsum
293 1455 418 1490 neque
440 1442 586 1488 imperii
599 1443 694 1491 ligna
714 1444 1002 1490 conspiciebant,
1021 1444 1083 1491 qui
1107 1457 1174 1491 pro
1196 1446 1261 1480 illo
1293 1456 1482 1481 certamen
1509 1444 1593 1481 sub·

154 1493 294 1534 ierant,
319 1492 433 1548 ignari
464 1493 609 1528 vbinam
631 1493 751 1534 foret,
796 1494 932 1529 iaceret
953 1495 1049 1529 inter
1075 1504 1289 1530 mortuorum
1319 1494 1604 1535 multitudinem,

154 1555 200 1578 an
219 1541 435 1589 aufugiffec‚
461 1541 558 1577 haud
582 1540 664 1577 satis
684 1541 925 1580 constitutum
948 1543 1126 1579 habentes
1148 1543 1250 1590 quod
1278 1542 1341 1579 sibi
1371 1545 1593 1590 capiendum

91 1600 133 1634 18
154 1590 348 1627 confilium
370 1590 467 1626 foret
483 1615 494 1632 ,
521 1602 643 1637 neque
663 1591 862 1637 periclitari
883 1590 1023 1628 diutius
1045 1605 1112 1637 pro
1145 1604 1191 1627 eo
1219 1592 1484 1635 decreuetant‚
1527 1591 1593 1640 qui

153 1641 226 1677 iam
265 1651 444 1686 nusquam
481 1650 713 1685 compareret
734 1650 744 1682 ·,
796 1650 835 1676 et
862 1640 896 1676 se
934 1641 1151 1687 permittere
1200 1640 1359 1678 hostium
1408 1640 1594 1688 potestati,

89 1702 132 1735 19
152 1686 249 1737 quasi
269 1688 464 1725 dedititios
484 1689 735 1735 captiuosque,
763 1690 998 1725 verebantur.
1047 1690 1099 1726 Vt
1117 1701 1240 1725 autem
1255 1694 1334 1736 am)
1360 1692 1518 1739 captiuis
1530 1703 1594 1728 au·

151 1737 250 1775 diuit
267 1737 483 1773 Antoninus
506 1736 684 1784 aufugiffe
707 1751 728 1772 e
748 1737 886 1784 praelio
910 1738 1132 1779 Macrinum,
1158 1738 1274 1775 mittit
1294 1740 1410 1776 statim
1431 1739 1592 1778 nuntios

151 1786 214 1835 qui
235 1785 395 1822 doceant
411 1786 536 1822 frustra
564 1786 648 1822 illos
674 1798 742 1833 pro
763 1787 918 1823 homine
949 1787 1177 1834 pauidiffimo
1205 1800 1244 1823 ac
1272 1788 1437 1836 fugitiuo
1465 1790 1597 1825 decer·

150 1836 249 1872 tare:
278 1835 500 1882 veniamque
518 1847 556 1871 et
574 1833 806 1872 obliuionem
829 1837 998 1873 omnium
1022 1835 1262 1873 iuneiurando
1283 1838 1503 1884 pollicetur,
1529 1838 1593 1875 sti-

84 1897 131 1923 πο
150 1895 372 1933 patoresque
393 1885 465 1922 iam
488 1896 565 1920 tum
586 1883 646 1920 sibi
668 1884 751 1920 illos
763 1885 939 1922 adsciscit.
987 1886 1102 1934 igitur
1125 1898 1259 1922 omnes
1289 1899 1328 1923 re
1355 1887 1494 1924 credita
1518 1886 1595 1925 ces-

148 1933 285 1970 serunt.
332 1935 383 1970 At
400 1946 486 1969 vero
508 1933 721 1969 Antoninus
749 1934 867 1970 mittit
896 1934 998 1971 illico
1028 1936 1093 1982 qui
1123 1934 1332 1972 Macrinum
1363 1935 1596 1985 consequan-

148 1992 229 2023 tur,
256 1994 370 2029 quum
391 1982 461 2018 iam
487 1983 686 2029 plurimum
711 1982 793 2019 viae
814 1983 1063 2031 praecepisset.
1111 1985 1291 2021 inuentus
1316 1996 1438 2022 autem
1471 1987 1521 2022 est
1553 1985 1594 2023 in

149 2030 389 2068 Chalcedone
410 2031 607 2080 Rithyniae
626 2033 738 2072 vrbe,
762 2032 968 2080 grauiffime
988 2045 1204 2081 aegrotans,
1243 2046 1284 2069 ac
1315 2045 1498 2082 perpetuo
1529 2035 1595 2073 iti·

82 2093 123 2119 21
148 2091 237 2115 nere
257 2081 424 2117 attritus:
457 2082 606 2118 latitans
626 2081 662 2117 in
685 2082 894 2117 suburbano
919 2083 1093 2129 quodam,
1122 2082 1257 2120 vbi'illi
1279 2094 1391 2131 caput
1411 2086 1456 2120 ab
1475 2085 1521 2121 iis
1533 2085 1595 2133 qus·

147 2141 221 2163 eum
237 2130 553 2178 petsequebantur,
578 2129 776 2167 abscissum.
829 2130 1033 2167 Dicebatur
1059 2143 1184 2169 autem
1205 2133 1358 2169 Romam
1380 2145 1594 2180 properare,

81 2187 125 2212 22
147 2175 264 2213 fretus
286 2180 527 2225 popularibus
545 2179 691 2215 studiis:
720 2179 780 2217 sed
801 2181 1140 2228 transgredientem
1159 2181 1199 2218 in
1218 2181 1417 2230 Europam,
1438 2181 1593 2232 angusto

190 2316 231 2360 h)
263 2315 761 2370 Quin-etiamtransfugarum
774 2332 842 2359 nu·
941 2319 970 2365 i)
998 2320 1123 2369 egredi
1151 2331 1235 2357 cum
1273 2319 1377 2358 omni
1407 2320 1592 2360 alacritate

146 2377 269 2401 merus
299 2364 476 2408 subinde,
524 2367 610 2403 licet
650 2371 840 2416 paulatim,
891 2370 1115 2408 audentibus
1148 2379 1188 2405 et
1223 2390 1260 2398 -
1282 2371 1398 2418 Stepb.

143 2415 343 2455 accedens,
381 2416 504 2460 copias
535 2419 701 2464 augebat.
744 2419 841 2461 Qui·
941 2418 978 2467 k)
1005 2421 1068 2456 Gr.
1103 2431 1174 2456 vox
1205 2421 1447 2456 centurionum
1471 2419 1590 2461 sonat.

143 2464 212 2500 bus
240 2462 323 2500 aud.
351 2463 625 2508 Macr.,omni‚
656 2480 765 2515 quem
780 2469 842 2503 ha-
889 2469 1007 2518 Steph.

143 2511 274 2552 bebar,
319 2513 483 2549 exercitu
511 2515 689 2557 collecto,
728 2516 841 2563 profi·
938 2520 970 2558 l)
1001 2518 1068 2554 Gr.
1100 2529 1172 2555 vox
1215 2519 1436 2556 centuriones
1471 2518 1589 2558 sonat.

140 2560 368 2601 ciscebatur,
396 2571 571 2607 tanquam
603 2576 842 2613 oppugnatu-
887 2567 1007 2617 steph.

140 2620 224 2662 fus,
247 2610 307 2644 vel
330 2609 558 2652 obselsurus,
586 2625 672 2666 eos)
710 2615 774 2662 qui
796 2616 840 2653 ad
941 2618 992 2662 m)
1019 2615 1232 2667 transfugis.
1274 2618 1417 2656 Memm.

140 2657 246 2695 illum
284 2657 509 2696 defecerant.
556 2661 673 2710 Steph.
