1707 3140
133 150 162 193 6
273 145 806 197 ‘HERODIANI
885 140 1375 192 HISTORIAE

76 273 118 300 ιι
141 262 226 303 bito,
245 262 330 309 quin
349 261 436 297 mibi
453 272 582 297 omnem
589 260 675 306 fitis
695 259 969 295 beneuolentiam
987 256 1206 293 exhibituri:
1235 265 1338 303 quum
1351 258 1421 303 ‘pra
1439 256 1578 294 alumne

141 323 194 346 me
209 310 359 347 maiores
378 319 465 346 natu
483 311 610 345 habere
627 309 773 344 debeant
784 321 796 341 :
820 308 910 356 ipsos
920 316 1035 343 autem
1053 305 1227 353 aequales,
1252 302 1497 354 condiscipulos
1513 319 1578 341 ar-

80 367 123 393 ¹2
143 372 274 396 morum
292 361 370 396 iure
386 358 634 410 appellauerim
648 373 659 392 :
674 358 846 406 siquidem
867 357 923 392 ita
949 368 1009 392 nos
1034 352 1213 402 uniuersos
1239 362 1283 387 vt
1298 363 1405 389 vnum
1423 354 1577 402 aliquem

141 418 250 457 pater
265 410 433 457 diligebat
443 416 466 451 ‚⁴
481 407 695 455 omniumque
725 407 902 448 virtutum
920 404 1039 455 studio
1065 417 1107 439 ac
1133 403 1228 439 bonis
1256 402 1396 438 artibus
1425 403 1578 441 curabat

81 464 124 502 13
144 457 382 507 instituendos.
434 459 538 494 Nunc
559 469 610 491 me
625 455 695 504 1²0st
717 456 812 491 illum
839 455 938 490 vobis
959 454 1113 496 fortuna
1140 450 1336 500 principem
1363 452 1482 492 dedit,
1508 464 1578 488 non

143 508 278 554 quidem
309 505 511 555 qli-isitium,
538 507 655 554 quales
677 514 761 540 ante
777 516 827 539 me
843 502 1016 549 fuerunt,
1044 514 1150 551 neque
1167 501 1265 536 velut
1281 500 1448 549 acquifito
1467 501 1581 549 impe-

82 563 125 599 ¹4
143 557 198 592 rio
211 557 438 605 gloriantem.
457 556 595 605 Qippe
614 567 704 590 vnus
722 565 781 601 ego
797 553 897 589 vobis
914 561 1023 588 natus
1042 553 1273 596 educatusque
1289 549 1329 585 in
1345 549 1443 591 aula,
1464 552 1578 600 priua

143 605 256 652 tisque
275 606 444 643 intafflum
466 603 657 642 cunabulis,
674 603 802 651 statim
821 614 885 647 me,
910 612 953 638 vt
972 614 1016 636 ex
1034 601 1112 636 aluo
1135 599 1355 647 prodieram,
1383 599 1578 646 imperato-

80 661 122 696 15
142 654 216 693 ria?
229 664 391 703 purpura
411 653 585 704 fiql‘cepit:
615 652 787 700 stmulque
805 649 865 699 fol
884 651 1049 686 hominem
1086 662 1138 685 me
1167 648 1263 683 vidit
1293 657 1330 683 et
1366 649 1575 698 principem.

78 704 124 736 16
143 703 239 739 Haec
254 716 329 739 cum
347 706 475 741 animis
490 702 617 752 vestris
642 710 870 749 reputantes.
895 701 974 736 iure
991 701 1040 743 m)
1060 697 1254 747 principem
1274 696 1378 732 colite
1390 722 1401 738 ,
1425 710 1493 735 non
1512 699 1577 734 da-

79 759 124 792 17
143 762 217 787 tum
245 754 342 789 vobis
352 754 420 802 sed
444 763 576 788 natum.
623 752 718 787 Nam
734 759 843 799 pater
869 750 1005 798 quidem
1024 749 1094 783 iam
1113 748 1151 782 in
1173 747 1300 782 coelum
1326 746 1474 788 euectus,
1494 757 1578 790 cot}-

80 806 122 837 18
136 800 215 849 Jors
231 800 278 851 est
295 802 520 851 consefforque
537 803 701 837 deorum:
731 798 828 834 nobis
855 808 973 834 autem
1000 797 1096 833 orbis
1124 806 1311 832 terrarum
1333 796 1577 844 gubernacula

80 857 124 891 19
143 861 326 898 rerumque
344 854 574 888 humanarum
600 862 687 885 cura
706 847 887 884 incumbit.
932 848 1034 895 ,Quae
1052 848 1091 894 n)
1114 857 1195 895 quos
1214 845 1380 894 succeffi‘ts
1399 855 1577 894 quantas-

142 911 207 947 que
233 901 418 936 habiturae
434 901 513 947 sint
544 900 654 937 vires,
682 898 720 932 in
740 896 862 946 vestra
885 909 989 932 manu
1007 894 1065 943 est.
1113 895 1151 930 Si
1175 896 1268 931 enim
1291 894 1372 930 belli
1402 895 1590 943 reliquiar

133 948 296 994 fortiter
323 950 541 990 debueritis,
576 941 610 984 e⁸t
641 946 783 994 imperii
810 947 958 982 Romani
985 944 1154 981 terminos
1184 945 1237 980 ad
1259 945 1435 979 Oceanum
1464 956 1577 992 vsque

75 1005 124 1030 20
138 1000 399 1046 premetteritis,
426 1011 499 1034 cum
516 997 584 1045 ipfi
597 996 696 1032 vobis
712 996 889 1044 ingentem
912 995 1067 1042 gloriam
1097 993 1360 1042 comparabitis,
1384 1001 1459 1028 tum
1485 1004 1584 1029 com-

73 1054 118 1079 21
140 1047 253 1083 munis
275 1048 441 1096 parentis
457 1047 641 1082 memoriae
667 1045 819 1081 debitam
831 1045 996 1093 gratiam
1024 1040 1207 1088 referetis.
1256 1045 1378 1090 Atque
1402 1054 1477 1078 eum
1497 1042 1580 1090 qui-

138 1097 212 1130 dem
243 1097 414 1133 exaudire
431 1108 518 1144 quae
539 1095 684 1131 dicimus
707 1104 741 1130 et
774 1094 912 1129 intueri
937 1090 1155 1141 praesentem
1188 1104 1275 1140 quae
1296 1091 1472 1140 gerimus,
1496 1103 1576 1127 cre-

71 1151 118 1175 22
138 1145 221 1179 dite.
270 1146 343 1182 Nos
362 1155 477 1182 autem
496 1140 735 1191 felictffimos,
760 1143 822 1191 qui
845 1143 1106 1189 benefafflorum
1133 1140 1329 1189 nostrorum
1349 1139 1466 1190 testem
1485 1140 1577 1176 eius-

69 1197 115 1234 23
135 1194 228 1229 modi
247 1195 359 1240 fimus
387 1194 558 1229 habituri.
605 1193 705 1241 ‚Quae
731 1192 848 1239 igitur
877 1193 926 1226 ad
943 1192 1033 1226 hanc
1061 1191 1152 1225 diem
1162 1186 1357 1241 forgiffime
1375 1188 1580 1239 prosperri-

135 1255 250 1291 meque
277 1241 446 1292 geffistis,
490 1243 585 1280 illius
610 1241 746 1290 scilicet
777 1239 973 1288 sapientiae
1001 1238 1325 1288 gubernationique
1351 1238 1579 1276 tribuuntur.

68 1297 117 1331 24
134 1292 235 1341 ‚Quae
263 1302 378 1328 autem
404 1304 542 1332 mecum,
569 1290 645 1335 (hoc
665 1290 711 1336 esl
737 1292 827 1335 eum)
854 1290 976 1326 iuuene
998 1290 1212 1336 imperatore
1230 1286 1361 1336 vestrO,
1376 1289 1576 1341 [praeclare

127 1341 313 1388 feceritis,
357 1354 397 1377 ea
409 1340 494 1389 sunt
516 1340 613 1376 vobis
638 1334 719 1387 ipfis
747 1339 847 1385 quast
863 1338 1076 1386 peculiarem
1106 1350 1182 1372 cum
1199 1336 1291 1385 fidei
1318 1342 1392 1371 tum
1417 1337 1578 1372 virtutis

68 1393 114 1427 25
134 1389 382 1426 claritudinem
405 1390 587 1438 paritura.
639 1389 814 1439 ,roirca
843 1397 878 1424 et
905 1387 1023 1423 aetati
1053 1398 1149 1421 meae
1177 1384 1334 1422 iuuenili
1357 1385 1458 1421 rebus
1474 1384 1579 1432 flre-

70 1434 116 1467 26
137 1451 202 1473 nue
226 1440 395 1486 gerendis
432 1439 663 1475 autoritatem
697 1437 949 1477 conciliabitis,
979 1438 1032 1472 'et
1060 1435 1218 1471 barbara
1237 1446 1329 1482 gens
1359 1434 1464 1470 initio
1493 1434 1578 1470 noaz·

133 1487 359 1535 principatus
380 1487 555 1536 reprffz,
581 1499 686 1535 neque
712 1485 943 1534 impraesens,
966 1493 1163 1532 contemptu
1191 1483 1327 1520 aetatis
1353 1482 1511 1533 nostrae,
1532 1481 1576 1531 se

136 1535 266 1585 efferet
289 1538 470 1577 audacius,
497 1534 616 1584 etsuis
645 1547 734 1571 nunc
753 1536 872 1570 edocta
897 1534 1087 1583 periculis,
1109 1542 1202 1568 metu
1227 1532 1385 1578 deinceps
1408 1539 1577 1580 perpetuo

71 1590 118 1626 27
138 1586 366 1621 coercebitur.
415 1586 484 1622 His
511 1584 636 1624 dictis,
664 1582 855 1629 pecuniam
874 1590 909 1630 o)
938 1593 1067 1631 magna
1091 1581 1197 1628 copia
1226 1579 1425 1630 elargitus,
1448 1592 1489 1618 vt
1507 1579 1575 1619 fibi

136 1634 279 1671 animos
297 1634 459 1673 militum
471 1635 514 1686 p)
541 1632 635 1670 fidos
654 1632 816 1677 faceret,
845 1632 885 1670 in
910 1633 1029 1671 aulam
1047 1631 1213 1669 reuersus
1234 1630 1296 1668 est.

814 1750 880 1789 v1.
914 1726 919 1730 Χ

135 1817 261 1886 Igitur
280 1818 393 1856 breue
420 1817 505 1856 sane
531 1817 576 1854 ad
604 1828 750 1865 tempus
777 1816 901 1853 omnia
925 1816 1088 1864 paternis
1107 1814 1235 1853 amicis
1254 1814 1448 1853 autoribus
1470 1824 1575 1864 gere·

187 1871 337 1905 bantur:
360 1868 420 1915 qui
439 1871 477 1916 q)
495 1867 697 1904 affiduitate
719 1865 970 1913 prudentique
996 1865 1151 1902 consilio
1169 1865 1277 1902 nullo
1304 1865 1388 1900 loco
1411 1863 1578 1906 deerant,

135 1926 278 1953 tantum
305 1919 339 1953 ei
370 1918 573 1954 tribuentes
592 1915 802 1957 laxamenti,
829 1926 1008 1964 quantun
1029 1914 1113 1951 satis
1132 1915 1202 1951 esse
1226 1913 1271 1950 ad
1290 1913 1467 1950 mendam
1494 1925 1576 1950 cor-

95 1978 115 2002 ι
136 1966 236 2014 poris
255 1966 506 2003 valetudinem
532 1965 813 2002 arbitrabantur.
864 1964 1042 2001 Paulatim
1068 1964 1247 2010 deinceps
1266 1961 1444 2009 irrepsere
1470 1973 1574 1998 non-

133 2015 226 2051 nulli
249 2028 291 2051 ex
319 2015 440 2051 aulico
468 2014 677 2055 famulitio,
707 2013 771 2061 qui
791 2012 856 2050 fibi
882 2013 926 2049 ad
947 2014 1258 2060 corrumpendam
1287 2011 1574 2058 iuuenis‘impe-

132 2065 264 2100 tatoris
283 2063 448 2100 indolem
466 2062 562 2099 nihil
592 2063 754 2098 facerent
780 2062 926 2110 reliqui.
974 2062 1127 2109 Qippe
1156 2060 1326 2097 mensarii
1351 2060 1574 2102 adulatores.

133 2113 198 2159 qui
229 2123 359 2148 ventre
390 2124 500 2160 atque
539 2112 733 2149 obscoenis
773 2111 1028 2159 voluptatibus
1059 2110 1278 2147 felicitatem
1315 2109 1574 2153 metiebantur,

93 2169 112 2206 3
134 2160 337 2197 identidem
361 2161 463 2197 illum
483 2160 580 2197 vrbis
609 2160 823 2197 deliciarum
857 2160 1133 2196 admonebant:
1165 2172 1203 2196 et
1226 2171 1349 2200 nunc,
1377 2170 1471 2205 quae
1491 2156 1573 2193 illic

132 2209 210 2247 visu
237 2210 440 2257 audituque
470 2209 629 2246 iucunda
658 2208 822 2257 forent„
847 2210 1211 2251 commemorabant,
1248 2210 1286 2253 r)
1314 2218 1418 2245 nunc
1445 2217 1572 2242 rerum

178 2327 239 2369 m)
268 2325 547 2373 imperatorem,
575 2325 820 2373 αὐτοκράτορα.
920 2324 970 2374 q)
996 2324 1057 2371 qui
1085 2326 1187 2361 totos
1210 2323 1288 2359 dies
1308 2334 1394 2358 cum
1421 2334 1466 2358 eo
1485 2335 1572 2359 ver-

128 2375 247 2424 Steph.
870 2374 1050 2414 sabantur,
1070 2372 1211 2419 optima
1229 2372 1479 2413 consulentes,
1499 2383 1571 2407 nec

178 2427 218 2468 n)
247 2435 335 2470 quas
363 2423 401 2459 in
423 2423 558 2460 re&um
581 2422 724 2460 firmum
748 2436 820 2471 que
871 2425 951 2471 plus
975 2421 1044 2459 otii
1061 2420 1328 2462 concedebant,
1343 2433 1450 2468 quam
1465 2421 1572 2470 quod

126 2473 256 2510 statum
283 2484 532 2519 componere,
579 2473 682 2508 vestri
710 2473 818 2508 officii
869 2472 954 2509 satis
975 2471 1044 2508 effe
1071 2472 1114 2506 ad
1135 2481 1267 2517 corpus
1296 2470 1485 2506 moderate
1504 2481 1572 2506 cu·

126 2522 198 2558 est:
223 2520 247 2556 s·
274 2531 312 2557 et
330 2521 414 2557 belli
438 2522 504 2555 rel.
534 2522 593 2556 vel
621 2525 664 2558 ad
683 2523 819 2558 rectum
869 2522 1023 2557 randum
1053 2519 1342 2561 arbitrabantur,
1369 2520 1430 2556 vel
1449 2519 1572 2556 hone-

124 2571 267 2608 firmum
291 2582 363 2616 que
384 2569 513 2606 statum
531 2571 755 2617 perducere,
783 2584 818 2608 v.
868 2569 919 2606 ste
938 2569 1155 2605 curandum.
1179 2567 1301 2614 Stepb.

123 2618 186 2658 off.
223 2619 338 2666 Stepb.
912 2620 960 2662 r)
994 2629 1093 2652 nunc
1124 2615 1222 2652 vitae
1248 2616 1463 2658 commoda,
1488 2614 1583 2662 qui-r

168 2670 204 2709 ο)
233 2665 424 2715 magnifice
443 2667 625 2716 elargitus.
650 2668 765 2717 Stepb.
868 2667 937 2703 bus
965 2665 1183 2704 abundaret.
1208 2665 1460 2705 recensebant.
1493 2663 1571 2703 Ad·

167 2718 206 2763 p)
234 2717 461 2765 adiungeret.
491 2717 611 2775 suph·
867 2716 959 2754 haec
979 2725 1051 2754 etc.
1078 2715 1191 2763 Steph.
