1707 3029
122 91 186 140 86
300 88 801 142 HERODIANI
875 89 1383 140 HISTORIAE

126 217 186 243 tos
217 216 335 244 annos
356 205 396 242 in
426 207 503 243 aula
526 205 759 254 imperatoria
781 205 946 249 vixerat,
1002 208 1141 244 Seuero
1159 214 1198 244 et
1223 208 1424 245 Antonino
1453 208 1556 256 prin·

82 255 283 300 4cipibus.
335 257 441 291 Hanc
469 255 582 303 igitur
602 257 780 298 Maesam,
809 255 887 309 post
904 255 1039 292 sororis
1063 257 1207 293 obitum
1235 257 1565 305 atquerAntonini-

125 306 298 342 caedem.
326 302 470 340 iusserat
488 305 674 351 Macrinus
693 304 732 339 in
760 316 910 350 patriam
938 317 1020 340 cum
1054 306 1226 342 omnibus
1255 307 1365 342 bonis
1398 306 1553 347 reuerti,

86 358 104 393 ς
125 362 163 392 et,
179 353 272 389 domi
283 350 367 403 suae
385 353 557 401 reliquum
576 354 675 389 vitae
693 354 893 388 traducere.
945 354 1166 391 Abundabat
1185 367 1307 392 autem
1330 354 1456 403 grandi
1491 367 1557 400 pe·

124 401 232 437 cunia
246 426 256 442 ,
281 411 413 446 vtpote
434 402 638 449 longiffimo
665 413 834 448 tempore
853 400 950 437 inter
968 401 1209 449 principalem
1231 404 1436 451 potentiam
1458 414 1555 440 enu-

83 448 106 480 6
124 449 218 485 trita.
272 449 427 486 Reuersa
443 449 553 498 igitur
572 462 675 490 anus,
701 449 802 485 domi
822 451 992 498 agitabat.
1044 453 1154 488 Erant
1174 464 1261 488 vero
1283 453 1317 488 ei
1335 451 1430 488 filiae
1447 452 1554 491 duae,

80 503 104 538 7
124 510 278 545 quarum
301 509 391 533 natu
413 499 529 535 maior
545 525 555 541 ‚
570 500 614 547 y)
634 498 818 539 Soaenis,
848 499 990 541 minor,
1019 500 1222 536 Mammaea
1242 502 1450 537 vocabatur.
1496 498 1554 535 Illi

121 546 222 583 filius
254 546 453 588 Bfflianus,
489 548 576 584 huic
607 548 830 583 Alexianus:
879 550 1065 595 amboque
1093 549 1159 586 sub
1189 550 1365 586 matribus
1393 549 1552 595 auiaque

122 595 384 632 educabantur.
437 597 481 632 Et
514 597 664 644 quidem
693 597 871 633 Baffianus
898 610 1017 633 annos
1049 609 1157 635 natus
1187 611 1265 635 erat
1291 598 1556 644 circiter'qua·

84 648 104 682 8
122 643 344 685 tuordecim,
373 645 569 681 Alexianus
590 656 713 682 autem
736 645 920 682 decimum
945 645 1015 682 iam
1035 658 1172 683 annum
1191 648 1378 694 attigerat.
1427 647 1555 682 Sacer-

120 691 231 728 dotes
253 693 359 728 ambo
379 693 496 734 Solis,
525 707 634 741 quem
656 693 811 730 maxime
829 693 1030 743 indigenae
1048 696 1203 736 colunt,
1228 693 1459 732 Phoenicum
1482 694 1555 730 lin-

119 753 188 788 gua
216 750 254 778 z)
285 742 585 790 Helaeagabalum
609 743 837 779 vocitantes:
876 744 1131 792 templumque
1151 745 1205 780 illi
1236 745 1433 781 maximum
1461 755 1554 778 con·

121 790 290 826 strufium
309 791 468 832 habent,
492 804 580 827 auro
600 799 828 839 argentoque
850 793 1028 840 plurimo,
1056 805 1096 828 ac
1117 793 1280 841 lapidum
1299 792 1459 842 eleganti
1479 803 1555 827 ma·-

81 847 103 882 9
121 836 335 886 gnificentia
355 851 582 877 exornatum.
633 841 768 887 Neque
790 840 904 878 solum
939 841 1137 890 indigenae
1166 843 1278 879 deum
1308 843 1410 879 illum
1439 844 1563 877 vene0'

120 898 247 923 rantur
261 911 271 928 ‚
300 887 360 923 sed
380 888 493 924 vicini
520 901 670 937 quoque
691 891 848 937 satrapae
865 902 1044 938 regesque
1068 891 1227 934 barbari,
1252 891 1417 927 certatim
1437 897 1553 938 quot-

56 945 103 972 10
121 935 229 972 annis
252 935 439 982 splendida
456 937 618 974 offerunt
635 951 798 974 munera.
846 940 1090 976 Simulacrum
1118 952 1207 976 vero
1235 940 1378 976 nullum
1408 941 1554 976 Graeco

119 995 185 1020 aut
209 984 378 1020 Romano
397 998 497 1022 more
520 1000 629 1024 manu
651 986 786 1024 factum
806 988 850 1023 ad
872 988 950 1023 eius
969 989 1028 1024 dei
1051 987 1353 1025 similitudinem:
1381 989 1441 1024 sed
1459 987 1555 1035 lapis

119 1033 171 1068 est
190 1033 390 1076 maximus,
416 1036 461 1071 ab
479 1035 562 1071 imo*
576 1039 780 1078 rotundus,
808 1049 846 1073 et
864 1036 992 1073 senfim
1010 1035 1236 1085 fastigiatus,
1282 1037 1556 1084 propemodum

55 1091 97 1119 11
119 1081 165 1116 ad
187 1081 272 1117 coni
294 1080 457 1130 figuram.
511 1084 628 1132 Niger
647 1086 759 1131 lapidi
780 1087 906 1127 color,
950 1097 1064 1133 quem
1100 1085 1211 1123 etiam
1238 1087 1369 1123 ianam
1397 1086 1556 1122 caelitus

118 1128 301 1166 decidisse.
349 1133 526 1170 Eminent
548 1133 587 1169 in
608 1134 730 1179 lapide
748 1136 941 1179 quaedam,
969 1134 1187 1181 formaeque
1208 1135 1412 1172 nonnullae
1430 1135 1557 1171 visun-

117 1189 199 1214 tur:
226 1191 267 1213 ac
287 1180 382 1215 Solis
406 1181 606 1230 imaginem
626 1183 726 1217 illam
747 1183 816 1219 effe
839 1184 1044 1225 affirmant,
1071 1183 1226 1220 minime
1255 1186 1418 1221 humano
1442 1180 1556 1221 artifi-

56 1243 99 1267 12
119 1226 178 1262 cio
203 1227 457 1265 fabrefactam:
485 1232 523 1274 a)
548 1229 605 1267 ita
623 1231 811 1269 intuentes.
864 1232 962 1268 Huic
983 1232 1097 1278 igitur
1118 1233 1190 1268 deo
1211 1233 1306 1270 sacer
1337 1245 1413 1270 erat
1435 1231 1560 1269 ssaffia-

116 1287 206 1312 nus:
234 1276 390 1324 (quippe
418 1289 509 1314 natu
543 1280 676 1320 maior,
705 1292 743 1316 et
775 1280 852 1326 ipse
884 1279 1105 1327 potissimum
1134 1280 1338 1319 sacerdotio
1371 1281 1558 1331 fungeba-

117 1325 197 1369 tur)
225 1325 402 1362 incedens
432 1327 618 1363 barbarico
647 1329 776 1368 cultu,
824 1329 964 1365 tunicas
993 1329 1148 1367 indutus
1177 1332 1337 1368 intextas
1368 1343 1481 1370 auro,
1514 1339 1558 1363 ac

117 1373 368 1416 manuleatas,
391 1386 429 1411 et
448 1376 491 1411 ad
512 1377 622 1422 pedes
640 1390 756 1423 vsque
786 1376 976 1419 demensa,
1032 1391 1212 1427 cruraque
1242 1390 1321 1415 tota
1349 1379 1556 1415 conuelans

119 1423 164 1458 ab
184 1422 371 1470 vnguibus
397 1425 440 1460 ad
462 1425 624 1468 femora,
669 1426 827 1466 vestibus
855 1426 1020 1464 similiter
1048 1440 1135 1463 auro
1162 1440 1392 1476 purpuraque
1421 1426 1556 1462 variis:

118 1471 238 1516 capite
267 1483 443 1508 coronam
473 1474 612 1520 gestans
645 1475 895 1522 pretiosorum
921 1476 1087 1522 lapidum
1108 1478 1306 1514 ‘coloribus
1342 1477 1556 1514 florentem.

54 1521 97 1562 13
119 1520 305 1555 Praeterea
335 1521 483 1571 integer
513 1523 616 1564 acui,
650 1524 941 1571 cunctorumque
979 1526 1056 1561 eius
1097 1527 1226 1562 aetatis
1265 1525 1556 1562 adolescentium

54 1575 100 1610 14
116 1567 402 1605 formoliffimus.
457 1573 581 1614 Quare
602 1571 893 1619 congruentibus
917 1574 954 1610 in
976 1588 1086 1611 vnum
1109 1574 1229 1612 forma
1251 1575 1415 1621 corporis
1442 1579 1557 1622 atque

119 1616 249 1671 aetatis
267 1617 379 1671 flore,
404 1618 645 1657 simulhabitu
665 1621 729 1657 illo
753 1620 976 1664 mollissimo.
1001 1623 1160 1670 (facile)
1184 1637 1267 1660 eum
1296 1623 1453 1670 Dionysi
1475 1623 1557 1670 pul-

53 1670 97 1709 15
118 1665 309 1702 cherrimus
329 1667 550 1715 imaginibus
570 1671 605 1716 b)
632 1670 879 1707 aflimilabant.
917 1669 1028 1708 Hunc
1049 1672 1159 1719 igitur
1181 1674 1272 1709 sacra
1293 1673 1557 1718 celebrantem,

117 1714 351 1769 chorumque
371 1718 462 1753 circa
483 1718 606 1753 altaria
627 1720 815 1756 barbarum
838 1721 877 1756 in
908 1733 1047 1757 morem
1077 1722 1120 1756 ad
1149 1721 1257 1758 tibias
1285 1718 1490 1769 fistulasque
1518 1729 1557 1756 et

116 1764 351 1800 omnifariam
372 1778 503 1814 organa
522 1767 805 1811 instaurantem,
834 1769 1011 1806 curiofius
1034 1769 1286 1818 inspestabant
1311 1783 1396 1806 cum
1419 1780 1558 1806 morta·

113 1810 174 1866 les
191 1811 273 1854 alii,
295 1824 375 1849 tum
395 1814 573 1862 imprimis
597 1816 752 1852 Romani
774 1817 932 1859 milites,
959 1819 1016 1854 vel
1038 1819 1138 1866 quod
1158 1831 1294 1867 genere
1315 1818 1555 1867 imperatorio

115 1860 257 1897 editum
278 1862 459 1906 sciebant,
487 1866 545 1900 vel
568 1867 668 1913 quod
687 1866 828 1902 formae
851 1867 987 1903 viribus
1007 1870 1175 1903 omnium
1199 1869 1237 1903 in
1261 1869 1297 1904 se
1315 1871 1448 1905 oculos
1465 1878 1558 1903 con·

52 1911 96 1944 16
116 1911 294 1946 vertebat.
347 1913 487 1960 quippe
518 1925 594 1950 tum
622 1914 770 1950 vicinus
802 1914 879 1951 vrbi
919 1915 975 1952 illi
1006 1916 1187 1953 exercitus
1235 1926 1334 1959 erat,
1391 1918 1554 1958 tuendae

114 1955 337 1997 phoeniciae
354 1961 601 2008 praepositum
630 1962 808 2001 dadanus
831 1964 917 2000 inde
940 1977 1047 2007 mox,
1085 1977 1126 2002 vt
1156 1967 1195 2002 in
1223 1965 1460 2012 sequentibus
1488 1979 1555 2002 ex-

50 2011 95 2049 17
113 2018 308 2054 ponemus.
361 2012 487 2053 Quum
504 2011 632 2060 itaque
652 2012 823 2060 quotidie
842 2012 1034 2063 religionis
1053 2016 1209 2052 nomine
1228 2014 1364 2052 milites
1391 2015 1435 2052 ad
1456 2025 1555 2052 tern-

151 2141 281 2196 y)¹Sic
299 2154 336 2178 et
354 2143 440 2180 alibi
460 2142 623 2188 Soaenis,
650 2156 730 2182 non
749 2147 812 2181 So·
859 2148 929 2189 lus,
959 2157 1030 2195 qua
1059 2147 1193 2184 Graeci
1226 2158 1265 2184 et
1293 2147 1418 2184 Latini
1443 2146 1556 2194 pleri·

118 2201 250 2230 amns,
294 2187 335 2227 ab
364 2189 436 2227 hoc
462 2194 615 2241 interpr.
645 2207 810 2232 vocatur.
860 2208 933 2244 que
961 2207 1116 2233 vtuntur
1143 2207 1330 2242 corrupte.
1389 2196 1558 2243 Antiqua

113 2237 229 2285 Steph.
279 2239 351 2274 Sed
365 2241 462 2288 Sylb.
487 2243 701 2279 ed.Soaemis
723 2252 809 2280 cum
857 2245 1078 2282 numismata
1123 2246 1355 2295 Alegabalum
1412 2244 1556 2293 praefe-

114 2282 217 2323 Nota
238 2287 315 2323 hac.
369 2293 438 2328 „ln
461 2292 647 2340 plerisque
667 2292 808 2329 Latinis
859 2303 958 2330 runt.
993 2295 1135 2330 Menam.

115 2335 174 2371 ed.
195 2335 369 2382 scriptum
389 2339 551 2383 Soaenis,
579 2352 617 2377 et
637 2342 697 2377 hic
719 2352 757 2378 et
770 2341 810 2378 iti
886 2385 888 2387 ,
909 2345 946 2387 a)
974 2342 1134 2380 Omittit
1176 2333 1254 2378 Pol.
1303 2341 1411 2378 verba
1446 2342 1553 2390 haec,

113 2378 226 2431 seq.“
269 2385 354 2420 Irm.
859 2389 945 2429 οὕτω
964 2398 1062 2437 enen.
1092 2392 1113 2428 i.
1126 2404 1156 2427 e.
1185 2392 1234 2427 ita
1258 2390 1469 2433 intuentes,
1493 2391 1553 2427 vel

139 2435 204 2488 ,3)
230 2434 421 2488 Quaedam
453 2436 560 2474 huius
585 2438 805 2484 interpreta-
858 2440 909 2476 lta
934 2447 1148 2482 cernentes,
1175 2450 1210 2487 q.
1235 2442 1269 2477 d.
1291 2441 1338 2476 ita
1368 2440 1440 2476 suis
1458 2440 1555 2486 ipso·

117 2492 241 2518 tiones
270 2483 456 2519 editiones
488 2487 622 2522 habent
641 2489 802 2535 Helioga-
854 2499 935 2526 rum
961 2490 1077 2526 oculis
1106 2489 1377 2535 perluadentes.
1424 2489 1543 2536 Steph.

112 2530 252 2566 batum.-
273 2533 609 2580 quaemagisetiam
628 2537 802 2583 frequens
855 2540 979 2575 Vtitur
1003 2551 1124 2574 autem
1151 2538 1385 2575 Herodianus
1410 2551 1456 2573 eo
1483 2537 1541 2572 lo-

113 2574 210 2623 apud
251 2580 342 2615 alios
390 2581 437 2615 est
460 2582 645 2629 scriptura.
684 2588 799 2634 Stepb.
851 2589 990 2634 quendi
1011 2599 1145 2637 genere
1174 2589 1284 2624 etiam
1311 2588 1419 2634 paulo
1445 2584 1536 2634 post·

112 2627 343 2675 Eleagabalux
356 2654 366 2670 ‚
394 2630 466 2666 liue
481 2633 699 2681 Elagabalus,
718 2646 804 2670 veie
848 2639 939 2685 osylb.

111 2671 302 2714 Phoenissa
324 2677 458 2722 dieue.
494 2694 572 2723 non
589 2683 800 2732 Heliogaba·
901 2687 938 2733 b)
964 2684 1099 2734 aliquis
1124 2685 1349 2724 affimiiaffet.
1389 2686 1508 2736 Steph.
