1707 3029
530 111 845 156 LIBER
912 109 1005 158 -VL

369 223 702 272 LIBER
765 223 1169 272 SEXTVS.

757 308 784 344 Ι.

145 399 228 425 uem
250 384 362 436 igitur
388 387 558 425 habuerit
575 386 685 423 finem
701 388 798 424 vitae
821 391 862 434 p)
888 388 1035 434 (maior)
1066 385 1297 426 Antoninus,
1325 384 1364 421 in
1385 383 1491 433 supe·

178 438 337 473 rioribus
357 436 643 473 demonstratum
667 437 733 472 est:
786 438 996 474 Alexander
1014 447 1139 473 autem
1154 434 1233 482 post
1247 434 1374 475 illum,
1420 447 1490 470 no-

52 498 141 522 men
163 484 390 534 inligniaque
413 488 562 535 gerebat
582 487 750 533 imperii:
783 499 968 522 caeterum
998 485 1239 533 negotiorum
1267 483 1491 520 administra-

52 535 107 573 tio
123 548 164 571 ac
185 536 413 583 principatus
436 537 681 584 gubernacula
696 535 911 572 mulieribus
934 535 1208 576 incumbebant,
1234 534 1358 569 omnia
1371 545 1490 569 trans—

49 583 149 621 ferre
168 585 211 620 ad
232 584 441 620 modestiam
463 584 756 632 grauitatemque
772 586 1007 621 conantibus.
1059 584 1215 630 Quippe
1235 581 1308 618 iam
1327 582 1490 629 primum

53 631 211 670 sedecim
235 634 376 669 ordinis
399 634 570 670 lenatorii
591 634 712 672 viros,
741 633 869 670 aetatis
888 633 1069 682 grauitate
1101 633 1274 679 vitaeque
1299 630 1492 668 sanstimo-

52 681 114 718 nia
136 682 420 730 praecellentes,
445 682 623 718 assessores
645 682 822 731 principis
840 695 878 719 et
898 681 1124 718 consiliarios
1150 681 1390 728 delegerunt:
1430 679 1492 716 ni·

1418 117 1479 165 95

52 731 187 786 hiique
211 743 273 768 aut
294 731 486 768 dicebatur
507 742 570 766 aut
590 733 760 780 agebatur
775 758 783 772 ‚
811 734 849 780 q)
877 731 942 768 nifi
961 732 1109 767 illorum
1132 732 1333 766 accedente
1362 727 1489 766 suffra-
1521 761 1523 764 ⁴

50 792 126 828 gio.
178 781 291 818 Grata
314 780 425 828 igitur
444 779 608 827 populo,
637 780 894 829 militibusque
911 794 952 817 ac
972 779 1114 817 senatui
1133 790 1316 825 praeterea
1331 804 1342 819 ‚
1368 777 1490 813 forma

50 831 284 878 principatus
304 841 402 872 erat,
431 844 474 866 ex
498 829 854 866 contumelioliffima
878 829 1078 878 tyrannide
1106 831 1142 877 r)
1178 829 1223 864 ad
1250 826 1490 874 optimatium

51 880 362 927 gubernationem
384 879 538 916 redacta.
592 879 709 927 Igitur
730 879 850 926 primo
870 881 1024 916 deorum
1051 877 1262 918 limulacra,
1303 889 1395 924 quae
1425 875 1490 912 ille

50 929 210 977 propriis
230 929 372 965 sedibus
393 930 597 970 extulerat,
626 928 884 976 suis—quaeque
903 929 1054 975 templis
1070 952 1080 968 ‚
1126 926 1289 964 delubris
1315 925 1491 973 fanisque

52 978 304 1014 restituerunt.
353 978 439 1014 dein
462 991 555 1024 quos
579 978 641 1013 ille
663 981 803 1013 tdmere
823 978 1081 1014 autvitiorum
1100 976 1269 1018 nomine,
1291 975 1413 1023 quibus
1431 985 1490 1008 no-

4 1028 6 1030 ’
54 1028 193 1063 bilitati
205 1028 376 1072 fuerant,
403 1028 445 1062 ad
468 1029 630 1064 honores
648 1027 928 1076 dignitatesque
939 1027 1138 1067 extulerat,
1182 1022 1490 1064 submotosinde‚

56 1077 100 1113 ad
131 1074 317 1122 pristinam
351 1078 460 1111 vitam
489 1088 618 1112 υιηῃες
645 1075 916 1123 artificiumque
955 1076 1194 1123 redegerunt.
1266 1074 1335 1110 Res
1367 1083 1492 1108 autem

53 1125 199 1162 cunctas
218 1137 328 1171 atque
351 1124 705 1165 administrationes,
754 1124 884 1162 ciuiles
912 1125 1065 1172 quidem
1110 1135 1148 1160 et
1177 1122 1366 1164 forenses,
1402 1120 1491 1157 infi-

52 1175 184 1223 gnibus
205 1174 366 1210 doctrina
390 1174 504 1215 viris,
534 1175 731 1221 legumque
753 1173 974 1220 peritiflimis
990 1201 998 1216 ‚
1031 1173 1207 1214 militares
1234 1183 1360 1208 autem
1387 1170 1491 1207 claris

54 1223 186 1260 bellica
210 1224 348 1260 virtute
367 1222 582 1261 hominibus
613 1223 932 1260 commendabant.
988 1225 1192 1270 Qumque
1221 1220 1285 1258 diu
1319 1220 1365 1256 ad
1391 1219 1490 1256 hunc

50 1274 205 1310 modum
224 1284 407 1320 regeretur
428 1272 641 1318 imperium,
671 1271 811 1313 Maesa,
838 1273 909 1308 iam
928 1284 1112 1309 extremae
1144 1269 1361 1311 seneftutis‚
1389 1267 1490 1304 diem

50 1323 155 1358 suum
177 1323 291 1363 obiit,
320 1323 480 1358 honores
496 1323 628 1367 adepta
649 1321 932 1367 imperatorios,
976 1333 1088 1368 atque
1121 1322 1181 1366 (vt
1207 1332 1286 1356 mos
1314 1317 1490 1354 Romanis

55 1372 120 1418 est)
148 1371 245 1407 inter
267 1372 298 1418 s)
323 1371 429 1408 <linas
443 1372 565 1407 relata.
596 1372 878 1412 AtMammaea,
906 1368 1267 1408 cernensiamsolam
1280 1367 1317 1405 se
1332 1367 1411 1403 filio
1432 1379 1490 1403 re·

52 1419 216 1468 liquam,
246 1420 402 1467 praeesse
422 1423 465 1457 ad
488 1421 645 1456 cundem
669 1421 822 1457 modum
840 1421 1097 1468 moderarique
1115 1418 1293 1455 studebat.
1347 1419 1491 1464 Qum·

7 1495 14 1506 s
54 1481 128 1516 que
150 1470 418 1506 adolescentem
441 1470 615 1506 summam
635 1469 771 1506 habere
790 1470 858 1505 iam
887 1481 1057 1506 cerneret
1086 1468 1348 1508 autoritatem,
1388 1477 1493 1502 metu

58 1529 106 1555 ne
127 1519 249 1556 viuida
269 1530 364 1555 aetas
384 1520 421 1555 in
440 1519 576 1554 lumma
605 1519 785 1566 potestate
812 1520 1040 1566 licentiaque
1066 1529 1189 1555 retum
1204 1541 1213 1558 ‚
1261 1517 1299 1552 in
1334 1525 1493 1562 cognata

57 1567 178 1616 aliqua
197 1568 420 1616 impingeret
442 1567 588 1611 vitia,
621 1568 787 1616 vndique
816 1569 969 1605 aulam
992 1568 1176 1605 seruabat:
1219 1578 1340 1614 neque
1358 1564 1452 1601 adiri
1473 1575 1493 1598 a

57 1629 245 1666 quoquam
272 1619 543 1654 adulescentem
567 1618 798 1665 patiebatur„
837 1618 941 1655 cuius
972 1618 1047 1654 vita
1075 1628 1273 1664 moresque
1314 1614 1494 1662 improba-

52 1679 202 1703 rentur:
229 1680 278 1702 ne
297 1665 437 1702 scilicet
460 1668 557 1703 bona
578 1666 724 1703 indoles
755 1678 1077 1715 corrumperetur;
1120 1669 1154 1710 t)
1200 1662 1493 1713 prouocantibus

53 1715 259 1763 appetitum
289 1715 367 1753 eius
396 1715 465 1752 iam
499 1715 689 1764 vigentem
718 1716 993 1754 assentatoribus
1023 1716 1062 1752 in
1093 1726 1275 1753 extremas
1304 1712 1491 1750 libidines.

53 1768 97 1810 v)
125 1764 350 1802 persuaserat
368 1777 505 1807 autem,
524 1766 713 1805 vtafflbus
735 1767 928 1803 incubaret
949 1767 1102 1803 meliore
1124 1762 1197 1799 diei
1218 1773 1321 1811 parte
1335 1787 1345 1803 ‚
1378 1760 1494 1808 idque

51 1813 194 1850 faceret
209 1827 316 1861 quarn
337 1814 554 1861 saepiffime,
592 1828 640 1851 ne
659 1817 762 1864 quod
793 1816 945 1863 spatium
980 1814 1172 1860 lupereffet
1198 1811 1353 1848 vacandi
1386 1809 1492 1846 malis

53 1863 213 1903 artibus,
244 1875 426 1911 occupato
450 1866 558 1902 rebus
584 1863 818 1909 potioribus,
842 1875 882 1901 ac
903 1862 1106 1901 necessariis
1127 1863 1342 1909 imperanti.
1399 1862 1492 1896 Cae-

52 1923 172 1950 terum
193 1912 322 1960 suapte
352 1926 480 1950 natura
510 1913 652 1951 suberat
678 1914 891 1951 Alexandro
918 1913 1011 1951 mite
1042 1912 1349 1958 mansuetumque
1385 1909 1495 1956 inge-

51 1961 181 2003 nium,
218 1963 516 2010 propensumque
547 1966 590 1998 ad
620 1966 914 1999 humanitatem:
967 1964 1066 2010 quod
1104 1961 1223 2008 ipsum
1256 1970 1354 1995 aetas
1381 1958 1494 2004 etiam

53 2011 285 2060 consequens
303 2012 514 2050 declarauit.
566 2011 720 2061 Qippe
738 2013 846 2050 annis
876 2010 1162 2064 quatuordecim
1178 2010 1220 2056 x)
1258 2017 1493 2051 maculatur),

803 2144 943 2181 maiore
966 2144 1041 2181 diei
1063 2153 1185 2190 parte:
1210 2141 1391 2191 quocirca
1415 2153 1500 2176 rne-

802 2194 895 2230 liora
912 2205 950 2231 et
983 2194 1139 2239 imperio
1171 2190 1364 2228 neceffaria
1389 2201 1501 2238 occu-

804 2254 938 2292 patus,
985 2244 1226 2279 commodum
1267 2251 1414 2287 tempus
1451 2238 1498 2276 ad

801 2294 1006 2330 vacandum
1026 2292 1137 2328 alicui
1159 2288 1302 2339 flagitio
1331 2300 1407 2324 non
1436 2287 1500 2323 ha-

802 2345 917 2379 beret.
970 2346 1096 2388 Atque
1116 2341 1262 2376 inerant
1292 2348 1392 2374 certe
1411 2337 1499 2373 Ale-

802 2392 944 2430 xandro
971 2404 990 2427 a
1019 2402 1146 2427 natura
1180 2389 1290 2424 mites
1316 2384 1500 2423 mansueti

802 2453 876 2489 que
896 2449 1007 2488 atque
1033 2441 1077 2477 ad
1107 2437 1374 2475 humanitatem
1409 2446 1499 2481 pro-

49 2193 78 2229 S
96 2144 142 2229 ᾗ)
170 2145 236 2182 Gt.
272 2155 496 2182 memoratus
522 2144 751 2182 Antoninus.

50 2205 143 2328 1-ng
163 2242 228 2299 nili
259 2241 296 2278 id
321 2241 379 2327 iim
412 2243 656 2328 appi-obsaturlryi
686 2242 751 2281 suo

70 2303 225 2396 ‘¹3³³ssss
244 2303 752 2389 “issrtl‘sssseZEbessffatkonis

48 2390 290 2440 'optimatium
315 2390 457 2427 redacta
501 2391 620 2440 Steph.

67 2460 71 2464 -
110 2441 143 2486 s)
173 2440 303 2482 diuos,
329 2442 470 2478 Memm.

110 2491 142 2535 t)
171 2489 231 2525 vbi
251 2489 362 2524 semel
379 2489 612 2527 all'entatores
643 2502 751 2537 appe-

60 2538 152 2574 tirus
180 2538 258 2574 eius
286 2540 452 2586 vigentes
481 2543 524 2576 ad
547 2552 672 2585 turpes
693 2552 752 2575 cu.

62 2586 237 2633 piditatcs
274 2590 552 2634 prouocass'ent,
607 2591 664 2626 vel
714 2590 751 2624 il.

56 2635 245 2673 lexissent.
274 2647 335 2670 aut
358 2636 508 2673 sesemel
540 2639 596 2675 aff.
633 2639 752 2686 Steph.

101 2685 142 2729 v)
170 2685 410 2726 persuadebat
440 2687 575 2735 igitur,
620 2700 660 2726 vt
681 2689 747 2723 tre-

48 2734 281 2783 quentiffime
313 2736 370 2772 ms
398 2736 556 2779 dicerem
602 2737 642 2774 id
679 2749 751 2786 que

83 2873 96 2887 ἱ

805 2490 903 2537 pensi
916 2502 1056 2526 mores:
1084 2500 1124 2524 vt
1143 2487 1254 2524 etiam
1270 2485 1499 2534 procedente

802 2552 922 2577 aetate
945 2535 1156 2574 declar-anit.
1183 2536 1299 2585 Steph.

852 2603 878 2625 x
923 2588 1105 2633 ἐνώμα-τον
1131 2586 1264 2633 legitur
1281 2581 1390 2620 etiam
1403 2581 1501 2629 apud

803 2639 1067 2684 Lampridium.
1108 2636 1179 2671 Sed
1198 2633 1338 2670 cumin
1352 2633 1499 2667 Graeco

802 2689 845 2725 lit
857 2688 1018 2733 α’ναιμωτ)
1032 2714 1041 2728 ,
1067 2684 1271 2721 Memmius
1291 2692 1410 2728 putat,
1438 2679 1500 2715 hic

801 2749 955 2788 quoque
973 2735 1047 2784 legi
1068 2733 1169 2784 porse
1187 2728 1381 2778 drmsuwrou.
1408 2729 1499 2778 Sytb.

1523 530 1559 1112 numm-rum„

1511 1378 1560 1402 10

1513 1426 1557 1452 11

1514 1622 1559 1649 12

1515 1769 1558 1806 13

1515 1868 1559 1904 ¹4

1516 2014 1560 2054 ¹⁵
