1707 3029
482 56 920 102 HERODIANI
990 57 1429 108 HISTORIAE.

171 165 409 216 9nerationis
436 166 581 214 specie,
607 167 722 217 magis
753 167 940 217 magisque
975 168 1122 207 homini
1159 169 1379 218 obrepserat.
1432 171 1546 209 Hunc
1572 169 1637 209 fibi

197 217 314 265 igitur
343 215 550 253 fidisfimum
565 216 647 254 fore
675 228 824 264 putans,
846 229 887 253 ac
907 217 1027 255 solum
1045 219 1208 267 denique
1237 220 1419 257 commiffa
1437 221 1549 258 tacite
1572 221 1637 259 ha.-

198 266 387 308 biturum,
413 277 452 303 et
481 266 660 312 imperata
685 265 889 307 fasturum,
917 268 1042 304 vocari
1074 269 1117 304 ad
1151 269 1188 305 se
1216 268 1278 306 sub
1297 270 1482 316 vesperam
1508 270 1633 307 iubet:

151 316 428 363 xoremotisque
454 315 597 352 arbitris
611 341 621 357 ,
643 317 676 363 s)
699 317 803 352 Nunc
821 316 912 351 illud
927 316 1084 365 (inquit)
1110 327 1243 367 tempus
1264 319 1322 367 est,
1350 331 1452 366 quum
1463 319 1636 369 summam

194 364 372 413 imponere
398 378 537 401 manum
555 366 675 401 debeas
701 365 816 400 amori
835 365 1143 415 obseruantiaeque
1169 377 1264 410 tuae,
1287 368 1386 404 cuius
1412 369 1501 404 mihi
1517 369 1636 404 haile-

195 426 262 449 nus
288 414 414 464 ded1sti
430 413 616 463 specimen,
641 426 808 461 quumque
828 426 889 463 ego
916 427 1146 452 remunerare
1169 426 1207 452 te
1227 427 1294 466 pro
1320 417 1471 460 meritis,
1494 431 1537 453 ac
1568 418 1633 454 de-

145 463 308 499 libitam
334 464 481 511 referre
494 464 659 513 gratiam
686 461 815 513 possim.
862 463 986 501 Datur
1006 466 1100 512 optio,
1115 466 1205 507 tibi,
1227 467 1362 502 velisne
1387 467 1448 502 ille
1463 465 1533 515 ipfi’
1552 478 1635 502 eua-

193 513 293 554 dere,
312 525 410 560 quem
427 526 482 548 me
505 525 596 549 nunc
611 512 677 560 ‘effe
693 513 825 553 cernis,
849 524 958 564 atque
983 515 1063 550 huic
1077 524 1203 551 tantae
1233 515 1414 563 potentiae
1424 515 1634 564 succedere.-

146 568 245 597 12aen
263 563 388 611 perire
395 562 537 615 statim,
567 563 652 598 dato,
670 564 882 600 contumacis
907 564 1026 599 animi
1039 563 1222 612 supplicio.
1274 565 1398 613 Neque
1426 574 1464 600 tu
1483 565 1545 601 vel
1559 577 1634 600 ma-

185 611 413 658 gnitudinem
438 612 499 647 rei
517 612 763 658 pertimeas,
788 612 853 646 vel‘
874 613 1015 650 nomina
1044 614 1296 662 imperatorum
1323 614 1525 661 expaueris.
1575 613 1633 649 in-

193 668 300 695 trare
330 661 399 697 tibi
411 661 464 699 ,in
488 661 692 701 cubiculum,
715 661 777 695 vbi
787 659 941 708 somnum
959 661 1115 710 capiunt,
1134 662 1206 710 soli
1220 672 1339 712 nempe
1357 663 1462 704 licet,
1484 664 1632 699 redeun-

143 714 230 753 13te
242 710 319 745 vice
335 710 530 746 noaurnae
545 710 717 758 custodiae
731 724 738 744 :
764 711 855 746 clam
873 712 1032 758 nulloque
1041 712 1262 760 prohibente,
1266 712 1384 760 facile
1401 713 1497 761 quod
1510 713 1632 748 volue-

188 759 243 794 ris
259 759 450 808 transtges.
496 759 604 796 Nihil
617 758 663 808 est
680 769 809 801 autem,
830 762 924 808 quod
947 762 1002 796 hic
1023 774 1132 797 meum
1155 762 1227 798 iam
1247 761 1406 806 expeaes
1431 761 1631 810 imperium.

142 808 264 850 '14Abi
279 809 375 843 modo
395 808 434 843 in
462 809 583 844 aulam
604 808 830 855 principum,
851 811 952 858 quasi
974 811 1093 858 aliqua
1127 824 1150 846 a
1174 824 1226 846 me
1243 812 1273 856 t)
1293 812 1465 846 mandata
1499 810 1630 846 habeas

141 864 325 898 15arcana
347 866 382 893 et
394 858 552 906 grauia:
576 867 695 906 atque.
721 867 762 894 vt
783 858 903 894 viz-um
913 860 1057 905 fortem
1082 860 1192 901 decet,
1212 860 1330 909 senem
1350 872 1456 905 vnum
1483 872 1525 896 ac
1546 868 1632 908 pue-

141 905 281 949 16rum,
307 907 411 942 intra
422 906 522 955 fitum
551 916 741 954 Utrumque
756 907 969 949 cubiculum,
994 910 1177 944 obtrunca.
1228 910 1322 944 Nam
1354 921 1458 956 quum
1486 909 1524 944 in
1540 917 1632 954 par-

187 963 260 991 tem
285 957 429 992 veneris
456 956 625 1004 periculi,
651 958 782 998 etiam,
807 969 852 992 re
873 959 1055 1004 confeHa,
1087 957 1125 993 in
1146 967 1289 1006 partem
1318 958 1469 994 maximi
1487 957 1630 993 honoris

141 1004 354 1053 17fitccedes.
403 1005 442 1051 u)
461 1007 561 1041 Haec
580 1005 671 1042 dista
698 1017 739 1042 vt
759 1005 929 1045 animum
948 1006 1090 1043 tribuni
1111 1017 1408 1051 perterruerunt.
1433 1005 1483 1042 ita
1513 1006 1629 1042 mini-

186 1066 250 1090 me
278 1051 470 1089 confilium
494 1055 735 1091 excusserunt.
780 1055 852 1090 Sed
880 1065 921 1092 vt
951 1057 1068 1091 homo
1093 1055 1313 1103 neutiquam
1344 1066 1471 1092 mente
1501 1065 1630 1102 captus

184 1102 280 1148 (erat
298 1103 405 1138 'enim
425 1115 562 1158 genere
581 1105 713 1149 Syrus:
739 1116 781 1140 ac
799 1103 885 1141 sunt
911 1103 1029 1141 ferme
1048 1105 1095 1141 ad
1114 1104 1299 1141 orientem
1327 1104 1501 1145 mortales
1529 1116 1629 1141 acer-

182 1150 289 1187 rimis
317 1152 506 1199 ingeniis)
543 1153 697 1200 cognito
725 1153 853 1189 furore
883 1165 925 1188 ac
951 1154 1122 1190 vecordia
1140 1154 1226 1197 eius,
1256 1155 1318 1202 qui
1342 1155 1386 1190 id
1408 1154 1624 1203 imperabat,

183 1211 442 1249 quantumque
470 1199 505 1236 ei
535 1201 668 1237 licerer
696 1201 847 1237 minime
873 1203 1043 1250 ignaruS,
1068 1203 1348 1250 haudquaquam
1372 1202 1474 1240 ausus
1502 1202 1626 1239 detre-

138 1249 300 1291 ιεξὶατε,
324 1262 372 1286 ne
392 1249 531 1286 scilicet
549 1249 732 1287 continuo
757 1252 867 1297 flaret
883 1264 1045 1297 poenas,
1075 1264 1191 1297 quum
1218 1252 1253 1288 se
1273 1263 1397 1299 optata
1427 1263 1468 1288 ac
1494 1251 1624 1288 luben-

185 1297 235 1334 tia
257 1297 443 1335 simularet
466 1299 613 1340 audire,
650 1301 752 1346 prius
778 1298 1046 1342 adoratofmo,
1072 1311 1248 1346 tanquam
1278 1301 1522 1348 imperatore,
1551 1300 1624 1336 iam

134 1346 351 1393 19libellum
379 1350 529 1394 petebat
563 1348 803 1384 demandatae
833 1348 898 1389 fibi
934 1349 1066 1386 caedis.
1135 1348 1293 1396 Quippe
1325 1362 1405 1386 mos
1438 1349 1624 1397 tyrannis,

180 1408 297 1443 quum
320 1397 479 1445 aliquem
499 1397 757 1433 indemnatum
777 1397 896 1435 occidi
919 1398 1062 1439 iubent,
1089 1411 1152 1445 per
1171 1398 1296 1434 literas
1318 1398 1542 1445 potiffimum
1561 1397 1622 1434 in·

180 1445 349 1495 iungere,
376 1446 421 1492 x)
439 1459 486 1482 ne
507 1446 595 1482 dein
625 1446 748 1482 caedis
775 1445 976 1493 imperatae
992 1448 1139 1483 nullum
1168 1447 1400 1494 relinquatur
1419 1458 1620 1494 argumen-

129 1504 269 1532 20tum.
324 1493 397 1532 Hic
417 1493 643 1537 Plautianus,
667 1496 878 1532 caecutiens
897 1495 1010 1534 nimir,
1038 1497 1253 1542 cupiditate,
1282 1496 1344 1532 dat
1364 1496 1532 1533 libellum
1554 1495 1622 1531 tri-

180 1545 304 1580 buno:
336 1554 447 1591 atque
472 1545 516 1581 ad
545 1544 694 1581 caedem
720 1544 893 1588 mittens,
918 1546 1096 1581 admonet
1122 1545 1334 1592 diligenter,
1363 1555 1403 1580 vt
1420 1544 1619 1581 interfesto

178 1603 340 1640 vtroque
366 1594 555 1640 principe,
588 1593 798 1641 priusquam
827 1595 1044 1643 diuulgetur
1069 1593 1238 1634 facinus,
1275 1595 1310 1631 se
1338 1594 1462 1630 iubeat
1487 1594 1617 1629 acciri:

128 1653 256 1689 21qu0
277 1642 432 1727 antedjn
454 1643 594 1691 palatio
625 1641 894 1693 conspiciatur,
922 1642 1034 1696 quam
1061 1654 1283 1693 occupatum
1301 1643 1498 1693 imperium
1517 1642 1628 1692 quis-t

175 1701 289 1740 quam
311 1702 357 1728 au
385 1700 451 1730 iat,

202 55 273 99 60

275 1840 298 1857 ,
851 1808 934 1848 xit,

174 1871 265 1939 Sub
284 1872 351 1909 hac
369 1872 538 1930 patrique
556 1873 729 1928 tribunus
748 1871 968 1928 digreditur,
1004 1884 1046 1910 ac
1070 1873 1118 1924 tle
1137 1885 1241 1929 more
1262 1883 1379 1930 totam
1399 1872 1515 1911 libere
1543 1871 1614 1909 do-

147 1928 170 1954 2
241 1935 343 1959 mum
371 1935 549 1970 principis
577 1921 770 1967 peruadit:
803 1929 1036 1970 cognitoque
1064 1934 1171 1970 quam
1203 1921 1354 1959 difficile
1377 1922 1473 1960 fafiu
1498 1921 1612 1964 foret,

171 1972 269 2010 duos
290 1973 336 2009 ab
361 1983 441 2008 vno
459 1971 614 2009 homine
634 1971 842 2020 principes,
870 1981 909 2009 et
934 1971 1087 2019 quidem
1107 1971 1256 2009 diuerfis
1277 1973 1485 2017 habitantes
1504 1970 1612 2008 cubi-

218 2088 252 2135 s)
280 2090 396 2125 Nunc
410 2087 477 2124 tibi
496 2085 637 2125 occasio
647 2086 707 2129 est,
728 2086 868 2135 inquit.
915 2098 1078 2125 mentem
1092 2086 1244 2125 minime
1262 2088 1538 2136 perturbarunt,
1551 2084 1612 2123 vel

167 2135 356 2173 strenuum
377 2135 487 2174 finem
509 2149 593 2174 tuae
613 2138 653 2174 in
676 2150 734 2172 me
753 2138 865 2173 bene-

167 2185 357 2221 volentiae
376 2186 553 2234 obsequio
573 2198 646 2231 que
663 2186 862 2233 imponen-

167 2233 225 2270 di:
252 2234 355 2271 cuius
389 2247 436 2269 m.
462 2235 620 2271 Perinde
649 2235 697 2270 est
724 2246 862 2277 autem,

166 2295 209 2319 ac
231 2283 254 2319 fi
285 2282 446 2326 diceret,
482 2293 652 2330 κολοφῶνα
682 2285 859 2324 ἐπιθεῖναι,

164 2343 237 2368 nec
265 2332 348 2368 satis
387 2332 529 2379 proprie
558 2332 595 2367 id
614 2345 721 2369 vocat
747 2340 859 2375 τέλος,

164 2380 190 2418 i.
212 2394 245 2419 e.
269 2379 393 2421 finem,
419 2394 452 2417 v.
477 2382 758 2430 Annot..Steph.

207 2434 239 2475 t)
265 2428 387 2467 mand.
409 2430 502 2471 hab„
517 2442 611 2476 quae
629 2431 859 2467 celeritatem

163 2480 327 2526 poscant.
351 2490 389 2516 et
420 2479 556 2516 secreta
583 2491 730 2516 manere
750 2479 858 2517 debe-

161 2539 238 2564 ant.
264 2529 379 2577 Stepb.

211 2580 248 2625 u)
274 2580 373 2614 Haec
402 2575 493 2614 dista
518 2576 679 2612 animum
703 2576 856 2623 quidem

162 2622 242 2663 eius
268 2625 473 2665 attonitum
499 2625 765 2670 reddiderunt,
794 2625 857 2664 sed

913 2137 1216 2179 consternat-unt,
1251 2148 1394 2179 verum,
1424 2147 1465 2173 vt
1496 2136 1610 2171 homo

912 2186 965 2222 sui
996 2198 1167 2231 compos,
1212 2187 1316 2231 (erat
1345 2184 1443 2222 enim
1473 2195 1610 2231 genere

911 2236 1035 2283 Syrus.
1072 2235 1158 2272 sunt
1185 2247 1333 2277 autem,
1366 2234 1431 2279 qui
1461 2233 1607 2281 degunt

907 2283 1142 2326 suboriente,
1156 2284 1339 2324 mortales,
1362 2281 1406 2318 ad
1425 2294 1482 2318 res
1503 2293 1608 2321 men·

908 2343 946 2370 te
964 2332 1151 2381 agitandas
1170 2330 1355 2375 acriores)
1388 2331 1484 2380 Step.

953 2432 1002 2477 x)
1040 2441 1111 2471 ne,
1147 2427 1171 2465 fi
1200 2428 1327 2465 caedes
1358 2438 1603 2476 perpetretur,

908 2479 1063 2515 minime
1082 2477 1122 2513 sit
1143 2478 1339 2524 oblignata‚
1365 2478 1387 2514 i.
1409 2491 1456 2516 ne
1478 2478 1603 2514 nullae

909 2527 1056 2564 litterae
1088 2526 1293 2575 obsignatae
1329 2539 1407 2564 eam
1447 2524 1603 2573 impera-

905 2589 981 2614 tam
1009 2575 1113 2613 fuiss'e
1148 2576 1338 2613 testentur.
1391 2576 1450 2613 Fit
1476 2586 1600 2611 autem

903 2631 1135 2673 γραμμάτων,
1161 2637 1231 2666 uec
1259 2638 1340 2664 non
1368 2628 1602 2673 γςσιμματιίου
