1707 3029
414 108 840 156 IMPERATORES
873 109 1108 158 NOTAE.
1379 119 1400 152 1
1415 113 1441 158 8
1452 122 1480 164 7

44 225 175 263 “omnia
208 224 456 275 principatus,
480 236 518 262 et
542 225 649 274 pff,
676 223 748 266 ait,
775 238 870 266 eum,
919 224 981 272 qm·
1009 225 1047 259 in
1074 223 1157 259 aula
1188 223 1315 265 viuat,
1355 233 1484 261 carere

46 275 140 326 veste
160 276 292 323 irfigni
308 283 559 322 purpuraque,
588 275 672 309 item
691 274 930 322 lampadibus,
956 282 992 308 et
1007 274 1122 309 certis
1136 272 1284 321 statuis,
1303 273 1484 322 similique

45 326 145 361 luxu.
196 323 353 361 Romani
375 323 507 370 igitur,
533 333 577 359 vt
585 321 668 371 suos
687 325 921 371 imperator&
950 322 1052 370 quast
1071 331 1137 370 pro
1166 322 1250 357 Diis
1269 323 1483 362 habuerunt.

44 375 103 410 ita
123 373 173 408 eis
190 374 293 422 quqfi
310 373 463 408 Deorum
481 385 578 420 quem
599 373 728 407 cultum
745 373 910 408 exhibere
929 372 1137 412 voluerunt,
1177 371 1282 406 nimis
1305 373 1394 419 sane
1419 374 1485 408 hac

47 424 88 459 in
111 430 221 470 parte
239 421 476 471 superstitiqfi'
491 431 524 456 et
549 421 626 462 illi,
673 421 734 469 qui
758 422 991 468 deferebant,
1023 430 1059 456 et
1087 420 1208 467 quibus
1236 421 1485 467 deferebatur.

44 480 91 507 vt
111 471 226 516 igitur
248 472 286 506 in
305 472 459 507 Deorum
478 471 571 506 cultu
590 471 772 506 adhibitae
790 466 975 512 lucernae,
992 468 1113 518 fasces
1125 495 1135 510 ‚
1158 470 1215 513 sic
1234 469 1272 505 in
1292 471 1487 515 Imperato-

47 511 133 556 runi
144 529 280 569 pompa.
330 520 406 569 Qi
423 531 494 555 mos
510 532 534 554 a
554 519 668 564 Persis
688 521 827 556 Romam
853 520 1000 556 videtur
1027 519 1225 556 traduflus.
1301 520 1363 554 Illi
1393 520 1486 555 enim

38 569 121 619 suos
131 582 231 617 reges
251 580 420 617 tanquam
440 581 610 604 arcanum
629 570 799 616 quoddam
819 568 938 614 Vestae
947 569 1224 608 venerabantur,
1243 569 1335 604 vnde
1356 581 1410 604 eos
1420 571 1486 604 ad-

50 619 205 654 orabant
231 630 349 654 aenon
358 618 438 664 stne
451 617 694 665 genuflexione
702 618 928 667 salutabant.
980 617 1149 664 Xenoph.
1163 616 1223 652 lib.
1239 625 1270 657 8.
1302 617 1487 663 paed.hu—

49 668 109 703 ius
122 668 173 703 rei
196 666 287 702 facit
316 667 571 703 mentionem:
620 665 675 708 xo)
723 669 789 713 πῦρ
832 663 972 706 ὄπισθεν
1013 669 1059 703 τέ
1102 663 1253 711 ἅρματος
1299 666 1349 704 ἐπ’
1369 672 1488 715 ἐσχά-

46 724 112 764 ρας
137 721 287 760 μεγάλης
328 712 444 761 ἄνδρες
491 716 623 753 εἵποντο
669 723 837 762 φέροντες.
884 716 962 763 post
1004 727 1115 762 quem
1169 714 1293 763 ignem
1341 716 1488 753 secutus

49 764 102 800 est
134 766 260 814 Cyrus.
274 772 301 793 (τ
376 765 415 800 Si
435 765 545 801 liceat
588 765 840 801 coniecturam
890 764 1077 801 instituere
1095 790 1105 807 ,
1158 763 1247 800 mihi
1293 764 1489 801 verilimile

49 812 115 856 fit,
165 816 290 862 ignem
333 813 481 850 solitum
539 813 750 862 praegestari
782 840 792 856 ‚
863 826 943 850 non
988 813 1093 850 fuilse
1140 814 1320 850 flammam
1366 826 1488 862 quan-

48 863 134 900 dam
166 863 204 898 in
239 863 430 910 lampade,
494 874 589 910 quae
627 866 666 899 in
700 863 831 899 acerris
860 863 1086 909 ponebatur,
1147 875 1187 899 vt
1214 862 1312 909 ipsae
1340 875 1487 899 acerrae

51 911 381 960 praegestabantur.
432 912 480 948 Et
508 923 591 947 cum
622 912 683 947 hic
704 924 786 947 mos
818 911 984 947 videatur
1021 912 1209 948 desumtus
1246 924 1263 946 a
1304 911 1489 956 sacrificiis

50 961 221 997 Deorum
234 986 245 1002 ,
273 975 320 998 ex
339 972 384 996 eo
394 961 508 1009 magis
528 959 779 1001 confirmatur,
798 961 899 1009 quod
913 961 950 997 in
972 961 1016 997 iis
1040 960 1171 997 acerris
1188 960 1235 996 vli
1247 959 1327 999 lint.
1354 962 1488 1008 Qud-

51 1021 126 1058 que
148 1009 236 1046 huic
256 1009 462 1047 sententiae
477 1011 600 1052 lucem
619 1010 758 1047 adfert:
811 1011 960 1057 ignem,
1014 1022 1124 1057 quem
1147 1010 1272 1046 Persae
1291 1010 1428 1046 sacrum
1448 1020 1490 1047 et

52 1071 243 1096 aeternum
270 1058 453 1094 vocabant
471 1084 481 1100 ‚
508 1057 690 1108 argenteis
720 1058 894 1096 altaribus
930 1059 1102 1104 praeferri
1137 1059 1365 1095 consueuilse
1398 1070 1490 1095 ante

49 1106 234 1145 Persicum
260 1119 413 1156 agmen,
440 1107 486 1144 de
508 1119 577 1155 qua
596 1106 730 1156 Agath.
753 1107 817 1143 lib.
838 1121 873 1143 2.
900 1108 990 1144 Hist.
1016 1119 1055 1144 et
1077 1109 1232 1154 Procop.
1252 1108 1315 1143 lib.
1342 1121 1373 1144 2.
1400 1108 1490 1145 belli
1537 1113 1540 1117 '

51 1156 197 1192 Persici.
246 1167 285 1192 et
302 1155 523 1193 Ammianus
542 1156 782 1192 Marcellinus
814 1156 877 1192 lib.
911 1167 969 1202 23.
1005 1157 1129 1206 ignem
1158 1156 1317 1192 coelitus
1345 1156 1489 1204 lapsum

52 1206 149 1252 apud
171 1205 292 1242 Persas
312 1204 546 1249 sempiternis
562 1204 698 1240 foculis
718 1205 912 1246 custodiri,
937 1205 1040 1240 cuius
1062 1207 1277 1250 portionem
1308 1206 1494 1256 exiguam,

49 1264 93 1289 vt
113 1254 262 1292 faustam
281 1251 442 1302 praeiisse
463 1253 653 1303 quondam
675 1251 838 1290 Asiaticis
860 1253 1030 1302 regibus,
1054 1266 1096 1289 ex
1115 1254 1273 1291 aliorum
1292 1253 1365 1290 fide
1385 1268 1490 1292 com-

50 1315 245 1340 memorat.

172 1363 274 1396 1,17‚
284 1363 318 1395 7.
367 1355 664 1399 rqoeuuwrsi‘ovr’m
691 1353 736 1388 τέ
755 1353 964 1396 σκίμποδος)
1000 1351 1155 1388 inuenta
1186 1352 1311 1389 tabula
1340 1352 1490 1390 interfi-

48 1400 271 1437 ciendorum
295 1400 397 1436 forte
421 1400 458 1435 in
479 1400 572 1436 lefio
593 1400 806 1436 Commodi.
881 1401 1011 1437 Simile
1036 1400 1083 1436 de
1111 1401 1336 1440 Domitiano
1370 1401 1490 1439 Dion.

47 1451 75 1486 Ι.
99 1454 155 1494 67.
208 1446 318 1492 ι’ἷκεσα
338 1453 373 1486 δὲ
391 1445 502 1493 ἔγωγε
529 1447 582 1490 και)
600 1454 724 1492 ἐκεῖνο,
763 1445 818 1486 ὅτῖ
845 1454 976 1492 πάντας
1010 1447 1082 1495 ἅμα
1113 1450 1223 1493 αὐτὰ·
1250 1456 1267 1488 ὁ
1292 1458 1490 1496 Aoum-tavae

48 1499 286 1538 ὑποπτεύσας,
307 1502 499 1541 &nona-esum
523 1498 691 1541 §Sanno-s,
719 1497 774 1541 aa?
792 1506 886 1545 σφῶν
901 1504 948 1536 τὰ
967 1496 1116 1543 ὀνόματα
1134 1505 1165 1541 ἐς
1186 1504 1330 1538 σανίδιον
1357 1507 1492 1547 φιλύρι-

47 1564 98 1587 νον
120 1550 251 1594 δίθυρον
269 1552 462 1593 ἐσγράῷας,
489 1546 552 1585 ὑπὸ
573 1553 613 1584 τὸ
635 1553 908 1594 προσκεφάλαιον
927 1553 959 1586 ἓν
975 1549 1021 1593 τῇ
1031 1554 1124 1596 κλίνῃ
1138 1573 1149 1590 ,
1180 1555 1212 1587 ἐν
1234 1548 1258 1595 ἦ
1287 1555 1491 1591 ἀνεπαύετο,

47 1598 220 1640 ὑπέθηκε,
246 1596 301 1639 aa)
327 1600 411 1633 αὐτὸ
433 1599 561 1634 παιδίον
579 1604 612 1634 τὶ
633 1606 697 1634 τῶν
714 1605 844 1641 ’γυμνῶν
870 1605 934 1639 τῶν
952 1601 1125 1642 ψιθύρων,
1151 1602 1374 1644 καθεύδοντος
1401 1601 1491 1637 αὐτέ

45 1647 126 1693 μεθ’
143 1652 286 1691 ἡμέραν,
312 1641 517 1692 ἀφελόμενον
537 1643 650 1691 εἶχεν,
679 1646 719 1683 ἐκ
738 1651 842 1688 εἷδὸς,
868 1642 887 1683 ἕ
898 1671 910 1689 ,
933 1664 968 1684 τι
989 1653 1098 1693 φέροι,
1122 1658 1162 1685 et
1182 1660 1214 1684 c.
1446 1687 1453 1692 ,

187 1707 217 1738 ι,
232 1703 333 1740 17‚8.
384 1690 623 1741 Περιπτῦξασι
646 1694 700 1737 aaa?
718 1697 884 1741 φιλοῦσα)
916 1696 1075 1744 Antiqui
1096 1696 1149 1732 isti
1170 1709 1319 1739 mores,
1352 1696 1492 1745 quibus

46 1743 148 1785 sol-iti
183 1744 360 1791 puerulos
380 1743 586 1784 formosos,
613 1756 706 1791 quos
722 1745 909 1784 habebant
928 1745 966 1782 in
990 1744 1144 1788 deliciis,
1172 1746 1403 1787 exosculari,
1431 1745 1492 1782 id-

48 1805 124 1842 que
143 1793 280 1840 duplici
301 1793 438 1830 modo:
465 1791 568 1840 prior
586 1795 657 1833 est,
687 1793 750 1841 qui
777 1792 821 1831 fit
847 1793 1035 1842 prebentis
1053 1794 1226 1836 auribus,
1253 1808 1364 1844 quam
1383 1793 1492 1832 exos-

47 1842 276 1886 culationem
298 1842 429 1878 Graeci
457 1852 613 1884 vocant,
648 1849 781 1889 χύτραν
801 1868 811 1885 ,
855 1855 895 1880 vt
924 1843 1048 1880 scribit
1077 1844 1145 1883 lul.
1175 1845 1324 1882 Pollux.
1378 1845 1491 1881 Ratio

46 1889 222 1934 Delrioni
242 1890 286 1926 ad
307 1892 396 1932 Seu.
415 1892 506 1928 haec
523 1891 697 1933 videtur,
730 1903 771 1928 vt
799 1893 906 1940 pueri
924 1892 1076 1930 tandem
1106 1905 1146 1930 ea
1176 1893 1324 1931 ratione
1355 1894 1492 1932 desue-

47 1940 194 1978 scerent
212 1939 343 1975 dolore
361 1939 503 1980 aurium
517 1963 528 1980 ‚
553 1940 671 1978 oscula
689 1940 949 1988 frequentare,
984 1942 1071 1990 quia
1093 1942 1199 1990 saepe
1219 1944 1367 1992 turpia.
1402 1954 1490 1979 cum

49 1987 215 2025 libidinis
227 1987 358 2024 fierent
378 1987 596 2035 suspicione,
649 1990 791 2025 Verum
828 1989 938 2026 falsus
966 1990 1006 2026 in
1035 1990 1103 2026 hac
1130 1992 1366 2034 comestura,
1403 2003 1489 2027 cum

48 2037 149 2074 inter
169 2036 363 2072 blanditias
381 2036 572 2073 vetustatis
591 2035 651 2072 hic
662 2054 669 2073 .·
682 2037 799 2073 osculi
820 2050 938 2085 genus
975 2038 1177 2081 referatur,
1213 2053 1289 2088 quo
1318 2041 1490 2078 solebant

49 2084 180 2132 pueri,
203 2095 265 2121 aut
287 2095 456 2131 parentes
478 2085 593 2127 alios,
619 2087 676 2123 vel
697 2097 859 2123 amantes
879 2086 965 2128 sese,
988 2087 1138 2126 alterius
1156 2091 1308 2126 auribus
1332 2091 1492 2137 prehen-

50 2133 118 2175 iis,
153 2133 331 2174 osculari,
358 2133 460 2181 quod
489 2133 544 2169 illi
565 2133 648 2169 ideo
669 2131 804 2180 χύτραν
821 2137 1027 2178 vocabant,
1052 2137 1111 2173 seu
1131 2139 1268 2181 ollam,
1302 2140 1387 2186 quia
1410 2150 1490 2175 erat

48 2181 250 2218 similitudo
262 2183 455 2229 quaedam.
507 2193 549 2219 vt
568 2183 670 2219 enim
687 2195 795 2231 caput
813 2185 923 2226 ollae,
951 2184 998 2221 ita
1016 2197 1121 2222 aures
1142 2187 1307 2224 ansarum
1327 2188 1489 2225 formam

49 2231 187 2268 referre
206 2230 437 2269 videbantur.
485 2229 536 2268 ita
561 2232 692 2271 Pollux
718 2233 742 2271 1.
768 2244 827 2269 10.
853 2245 885 2268 c.
905 2245 963 2280 24.
1012 2237 1152 2280 λαβῦσκ
1172 2246 1238 2275 τῶν
1259 2234 1364 2279 ὅτων,
1389 2244 1489 2284 φίλη-

50 2295 110 2318 σον
132 2286 192 2322 τὴν
210 2286 364 2326 χύτραν,
419 2282 535 2325 Ollam
552 2281 729 2329 prehensis
753 2281 926 2331 osi-ulator
944 2283 1102 2319 auribus.
1358 2318 1361 2322 .

172 2330 307 2375 Neque
325 2330 399 2365 hoc
416 2329 533 2366 solum
554 2329 652 2367 inter
674 2343 829 2377 pueros,
855 2344 984 2368 verum
1002 2345 1041 2369 et
1061 2333 1275 2372 meretrices
1304 2334 1490 2373 vfitatum.

50 2377 170 2416 Plaut.
193 2378 342 2416 Paenul.
369 2379 452 2415 Ast.
477 2391 507 2416 ι.
534 2379 581 2416 sc.
602 2393 636 2416 2.
662 2379 830 2427 Milphio
859 2380 983 2418 seruus
1010 2383 1217 2424 meretricit

197 2428 278 2462 Sine
297 2437 333 2464 te
361 2434 500 2465 exouem
512 2452 524 2471 ‚
539 2429 621 2475 sine
641 2438 676 2465 te
690 2431 865 2477 prendam
885 2431 1058 2467 auriculis
1070 2457 1080 2473 ‚
1106 2433 1188 2478 stne
1213 2434 1290 2469 dem
1310 2433 1487 2483 suauium.

50 2475 97 2513 Et
122 2474 221 2512 Afin.
273 2477 455 2514 Prehende
475 2478 668 2514 auriculis:
697 2487 862 2527 compara
880 2479 1010 2516 labella
1027 2492 1102 2516 cum
1130 2482 1278 2520 tabellis.

189 2524 307 2563 Etiam
325 2526 432 2574 pueri
453 2526 535 2563 vice
553 2526 652 2563 versa
682 2527 766 2564 talia
793 2526 1011 2576 parentibus
1043 2529 1193 2567 dabant.
1246 2531 1389 2571 Tilmu.
1423 2532 1487 2569 lib.

51 2584 85 2614 Ω..
131 2573 187 2612 ΕΙ.
216 2586 250 2622 5.

335 2625 383 2664 Et
394 2624 523 2672 foetus
543 2635 711 2665 matrona
732 2626 847 2668 dabit,
871 2636 1044 2676 natusque
1059 2630 1209 2673 parenti

429 2673 556 2724 Oscula
576 2675 783 2729 comprensis
804 2677 954 2714 auribus
974 2676 1115 2730 eripiet.
