1707 3140
498 110 818 156 L11³VER
903 111 995 155 11.
1413 119 1478 164 37

35 218 258 271 regebantur
278 219 454 269 irnperio)
479 222 642 258 Seuerus
663 219 828 277 quidam.
855 232 990 270 genere
1007 219 1113 264 Afer,
1134 221 1335 258 vehemens
1354 220 1471 257 homo

33 269 198 320 negotiis
216 270 406 316 gerendis,
435 283 475 306 ac
494 270 622 311 ferox.
650 278 824 320 vitaeque
848 271 1013 308 insuetus
1042 270 1153 307 durae
1180 281 1219 307 et
1238 269 1402 317 asperae,
1426 283 1470 306 ac

29 321 82 366 n)
110 319 289 356 laboribus
307 321 489 367 facillime
517 318 696 368 rtfistens:
727 331 926 368 promptus
953 319 1228 368 excogitandis,
1271 332 1351 355 acer
1379 331 1465 356 exe-

29 367 189 416 quendis
209 369 326 405 rebus.
356 368 435 410 Qui
457 369 647 422 postquam
667 369 879 411 Romanum
899 369 1146 417 principatum
1168 370 1332 415 pendere
1352 368 1465 404 subli-
1486 370 1503 407 3

0 444 1 467 2
25 427 128 455 mem
145 415 319 467 qualique
337 418 500 467 direptui
522 416 726 465 expolitum
744 418 850 461 vidit,
870 422 1024 457 alterum
1044 418 1210 465 quidem,
1231 430 1272 455 vt
1293 416 1465 460 defidem,

0 473 1 479 ¹
26 466 200 507 alterum..
224 479 266 504 vt
291 479 419 514 parum
443 466 639 509 efficacem,
658 469 894 516 contemptui
912 469 1052 505 habuit.
1083 468 1283 504 Addebant
1302 477 1463 513 praeter·
1483 472 1504 506 4

28 527 70 552 ea
99 515 200 564 spem
225 516 367 553 somnia
396 518 575 565 quaedam
605 528 644 554 et
676 518 842 560 oracula,
874 529 1091 565 caeteraque
1118 516 1332 554 futurorum
1361 528 1464 563 prae·

0 561 1 602 l
23 563 138 613 fagia:
164 576 244 602 tum
263 566 425 612 denique
442 565 554 607 fidem
576 564 653 604 veti
675 565 925 612 impetrantia,
943 579 1060 616 quum
1080 566 1164 603 sunt
1186 576 1364 603 euentum
1387 564 1462 601 sor·

0 611 1 621 ¹
24 612 105 651 tita.
151 626 310 663 quorum
331 615 507 663 pleraque
529 615 607 662 ipse
627 615 665 651 in
693 614 797 651 libris
818 618 864 653 de
885 617 957 654 vita
979 615 1037 652 sua
1060 613 1299 662 conscripsit,
1325 626 1367 650 ac
1395 626 1461 660 pu-
1483 613 1502 650 ἲ

23 663 119 701 blice
147 664 188 701 in
215 665 354 701 tabulis
382 665 476 712 picta
503 664 702 706 dedicauit.
754 665 827 701 Sed
854 668 956 714 quod
984 664 1270 703 illiextremum
1293 663 1463 700 maximi-

21 724 97 760 que
116 713 300 751 momenti
322 713 510 753 somnium
538 714 637 762 spem
667 719 943 762 propemodum
974 727 1127 755 omnem
1156 712 1395 753 conciliauit,
1423 711 1461 748 id

19 774 71 798 ne
91 762 200 801 nobis
219 763 372 811 quidem
403 762 549 800 silentio
573 764 895 810 praetereundum.
947 767 1033 813 Qo
1055 765 1156 800 enirn
1175 775 1345 810 tempore
1362 771 1461 798 nun-
1481 754 1502 789 6

20 811 160 850 eiacum
187 813 239 850 est
261 811 494 850 Pertinacem
516 813 558 848 ad
588 811 785 860 imperium
809 814 985 856 ascitum,
1013 814 1158 861 peracto
1179 815 1338 849 Seuerus
1359 810 1462 847 sacri·

20 858 120 905 ficio,
145 866 186 907 n)
203 861 419 909 iuratusque
447 860 556 899 fidem
579 862 762 910 principi,
789 864 851 900 vbi
875 863 1034 910 primum
1065 867 1216 900 domum
1246 860 1379 902 rediit,
1405 859 1463 896 so-

18 926 110 951 mno
131 911 444 958 comprehensus,
469 912 572 948 videt
599 924 664 959 per
684 913 851 960 quietem
879 925 1052 961 magnum
1075 911 1260 959 quendam
1282 923 1321 946 ac
1343 921 1462 958 gene-

17 964 142 1002 rosum
162 973 300 1009 equum
319 972 493 998 ornatum
514 961 674 1007 phaleris
706 962 972 1009 imperialibus,
999 964 1064 1010 qui
1087 961 1319 999 Pertinacem
1341 959 1460 1006 ipsum

15 1027 83 1065 per
102 1014 230 1049 vrbem
267 1010 425 1051 veheret
452 1009 571 1047 media
599 1010 693 1046 sacra
728 1012 794 1047 via.
844 1012 916 1047 Sed
938 1011 997 1048 vbi
1025 1011 1208 1059 adipsum
1237 1009 1309 1045 fori
1333 1020 1460 1055 perue·
1477 1011 1502 1046 ⁷

16 1063 80 1101 nit
97 1059 310 1111 ingressum,
336 1059 374 1095 in
395 1071 506 1108 quem
526 1062 558 1106 o)
588 1059 678 1100 olim
701 1060 795 1103 liber
815 1062 977 1108 populus
996 1062 1176 1108 frequens
1195 1059 1462 1099 conueniebat,

19 1111 121 1149 visus
142 1109 192 1146 est
218 1108 399 1146 excuffiffe
419 1110 649 1146 Pertinacem
673 1121 815 1157 equus,
845 1121 956 1158 atque
985 1109 1152 1149 abiecisse
1179 1109 1305 1150 humi,
1334 1107 1460 1154 proxi-

18 1172 157 1208 meque
174 1158 302 1199 astanti
321 1161 459 1196 Seuero
477 1168 624 1207 tergum
643 1157 880 1202 substernere,
899 1171 1062 1206 cumque
1083 1157 1246 1204 perferre
1266 1156 1458 1194 sublimem

18 1221 103 1248 tuto
126 1208 165 1245 in
184 1207 308 1249 forum
337 1207 517 1247 medium,
545 1206 788 1254 conspicuum
812 1208 1095 1244 venerabundae
1117 1205 1364 1243 multitudini.
1386 1217 1458 1240 ma·
1477 1205 1496 1238 8

17 1270 86 1297 net
115 1268 238 1297 autem
265 1257 385 1296 adhuc
412 1254 521 1292 huius
549 1255 672 1303 imago
701 1255 836 1295 somnii
865 1257 998 1293 eodem
1028 1256 1106 1303 ipso
1141 1255 1179 1291 in
1199 1256 1286 1290 loco
1311 1255 1458 1302 ingens,

17 1321 62 1346 ex
82 1307 165 1343 aere
185 1305 354 1348 confiata-
407 1305 468 1342 Ad
493 1304 595 1342 hunc
625 1305 741 1353 igitur
770 1306 921 1343 modum
953 1304 1104 1345 sublatis
1136 1305 1268 1345 animis
1288 1305 1458 1345 Seueru5‚
1478 1307 1499 1339 9

15 1370 59 1396 ac
91 1356 126 1393 se
147 1353 271 1392 diuina
292 1354 530 1402 prouidentia
559 1353 733 1393 solicitari
763 1355 806 1390 ad
826 1355 1025 1402 imperium
1049 1366 1166 1396 ratus,
1194 1353 1362 1391 decreuit
1378 1352 1457 1389 ani·
1516 1365 1523 1379 ι

15 1417 98 1445 mos
123 1403 324 1453 periclitari
352 1403 526 1440 militum.
577 1404 702 1450 Qare
732 1404 893 1450 primum
921 1404 1072 1453 quidem
1100 1403 1317 1451 praefestos,
1342 1402 1458 1439 tribu—
1481 1406 1524 1431 10

12 1467 176 1503 nosque,
202 1464 242 1495 et
260 1453 399 1501 primos
424 1451 586 1491 militum
606 1453 672 1490 fibi
698 1453 926 1509 adiungens,
952 1465 1114 1501 cumque
1144 1453 1189 1490 iis
1218 1453 1264 1488 de
1287 1455 1458 1489 Romano

10 1504 173 1554 imperio,
194 1503 378 1544 sermones
399 1501 534 1543 serens.
545 1505 586 1552 p)
605 1501 786 1541 abiectum
807 1504 845 1540 :d
863 1503 932 1544 effe
952 1503 1155 1544 distitabat,
1179 1503 1358 1543 existente
1378 1500 1460 1537 nul·

29 1568 66 1596 o,
104 1566 167 1603 per
194 1565 307 1601 quem
328 1550 480 1594 fortiter
498 1563 610 1600 atque
639 1564 685 1588 ex
715 1552 900 1602 dignitate
929 1554 1210 1601 gubernaretur.
1267 1550 1456 1589 Inuehens
1477 1556 1518 1582 ιε

13 1614 203 1654 praeterea
224 1603 265 1643 in,
296 1601 545 1650 praetorianas
574 1601 772 1643 cohortes,
809 1615 904 1651 quae
924 1605 1190 1640 sacramentum
1221 1601 1380 1641 militare
1404 1599 1456 1634 ci-

11 1653 82 1691 uili
102 1651 422 1699 imperatorioque
441 1649 619 1697 sanguine
640 1651 868 1698 polluissent,
895 1652 1155 1693 vindicandam
1175 1651 1245 1687 effe
1272 1649 1393 1691 aiebat
1412 1659 1454 1683 ac

39 1701 302 1750 ersequendam
331 1700 538 1738 Pertinacis
559 1700 731 1743 caedem}
761 1701 916 1739 minime
941 1700 1090 1749 ignarus
1120 1700 1302 1741 excubare
1333 1698 1454 1734 adhuc
1476 1704 1520 1731 12

51 1750 227 1789 emoriam
247 1747 450 1792 Pertinacis
470 1748 570 1794 apud
591 1749 759 1797 Illyricos
787 1750 989 1788 exercitus:
1013 1749 1194 1797 quoniam
1212 1749 1277 1786 sub
1296 1748 1456 1795 impera-

29 1806 93 1838 ore
113 1802 239 1841 Marco
258 1801 298 1850 q)
324 1798 439 1837 multa
459 1798 559 1841 illius
581 1798 690 1840 ductu
710 1799 881 1842 aduersus
912 1802 1121 1841 Germanos
1148 1799 1327 1847 trophaea
1358 1796 1456 1832 exci-

28 1861 200 1888 auerant:
225 1860 265 1886 et
285 1859 402 1895 quum
424 1847 629 1896 praefectus
652 1849 801 1897 Illyrico
829 1849 952 1886 foret,
978 1849 1126 1886 nullum
1144 1861 1222 1887 nou
1241 1847 1453 1894 exemplum

35 1899 160 1937 irtutis
180 1899 221 1935 in
243 1896 384 1950 praelio
414 1897 685 1939 ostentauerat;
715 1898 1022 1940 beneuolentiam
1059 1911 1192 1945 portu,
1216 1910 1257 1936 ac
1286 1896 1450 1944 probita-

28 1961 106 1990 ern,
131 1947 177 1983 ad
196 1948 288 1984 haec
314 1945 425 1984 ciuile
453 1947 761 1995 moderatumque
791 1947 990 1995 imperium
1017 1949 1056 1994 r)
1076 1947 1184 1984 sociis
1210 1946 1450 1994 praestiterat.

47 1997 196 2034 uocirca
225 1996 445 2033 memoriam
475 1996 554 2032 eius
584 1996 762 2044 principis
790 1999 983 2039 colentes,
1009 2007 1150 2033 tantam
1180 1997 1219 2032 in
1246 1997 1350 2032 illum
1371 1993 1450 2029 edi·
1474 1997 1514 2034 13

23 2055 82 2085 am
112 2045 372 2084 crudelitatem
393 2044 645 2101 indignissime
663 2045 849 2089 ferebant.
902 2048 1010 2089 Hanc
1030 2047 1144 2101 igitur
1162 2047 1325 2087 Seuerus
1349 2054 1451 2078 occa·
1471 2049 1515 2083 14

53 2182 124 2226 m)
185 2178 355 2221 laborum
407 2175 705 2230 patientiffimus,
754 2189 841 2214 eum
871 2189 948 2214 erat
974 2179 1181 2227 imperium,
1214 2175 1259 2213 ad
1282 2175 1450 2217 verbum,
1495 2209 1498 2212 .

46 2242 146 2268 emm.
669 2249 671 2251 ·
752 2228 991 2263 demon-aciae
1009 2238 1191 2274 tempore.
1219 2227 1336 2272 Steph.

53 2296 104 2340 n)
147 2293 213 2331 suo
234 2306 309 2343 que
334 2291 484 2331 func'ius
515 2290 639 2328 officio
663 2289 704 2328 in
782 2278 849 2333 ,Ρ,)
885 2277 922 2313 id
955 2277 1112 2334 ⁰m¹¹3130
1145 2275 1351 2324 prm-edum
1382 2274 1453 2313 esse

29 2342 218 2384 ,astando
259 2345 306 2381 de
349 2354 467 2391 regno
501 2341 704 2380 pertffnacis
753 2325 963 2370 diffitabat,
989 2327 1049 2364 vel
1073 2338 1205 2367 iacere,
1231 2326 1350 2374 Steph.

22 2391 271 2435 ureiurando,
315 2392 471 2429 domum
525 2390 704 2433 reuersus,
801 2395 842 2441 q)
871 2394 984 2430 multa
1033 2404 1115 2433 cum
1153 2390 1238 2439 ipsis
1277 2388 1450 2427 aduersus

23 2457 162 2482 omno,
197 2442 260 2480 ubi
287 2443 415 2490 vesper
443 2440 620 2483 aduenit,
653 2440 720 2476 est*
753 2439 880 2482 Germ.
904 2452 950 2477 tr.
979 2442 1228 2483 excitauerat:
1266 2453 1304 2477 et
1332 2451 1448 2488 quum

27 2491 314 2542 omprehensus:
359 2503 402 2528 ac
430 2489 495 2528 fibi
526 2489 622 2527 visus
652 2489 701 2527 est
749 2489 824 2528 dux
843 2503 883 2527 ac
903 2490 1105 2537 praefectus
1127 2490 1337 2539 lllyriorum
1357 2500 1449 2524 con·

45 2556 181 2593 agnum
209 2540 395 2589 quendam
422 2551 460 2576 et
481 2539 702 2588 generosum
748 2540 896 2578 stitutus
916 2540 1016 2583 esset,
1039 2542 1133 2578 null.
1160 2541 1280 2588 steph.

18 2605 146 2642 ¹quum
195 2591 325 2628 videre
343 2615 355 2632 ‚
414 2599 587 2628 ornatum
636 2590 700 2637 ph.
794 2594 831 2635 r)
860 2590 937 2626 l'ol.
958 2590 1125 2638 scripsisse
1144 2602 1238 2639 puto
1252 2589 1341 2640 suis,
1367 2586 1391 2623 i.
1413 2599 1447 2624 e.

18 2644 119 2690 Yeph.
749 2639 814 2679 fibi
834 2640 1013 2679 subiectis.
1031 2641 1150 2692 Steph.

47 2695 91 2740 o)
116 2690 208 2730 olim
232 2689 416 2741 populus,
447 2700 565 2739 quum
586 2700 702 2740 penes
763 2702 765 2704 ·
