1707 3029
475 126 784 174 LIBER
855 128 977 173 VIII.

31 242 119 282 cubi
137 242 325 280 necess’aria
345 242 387 279 fit
415 242 622 279 eelerita
637 255 674 279 s:
696 242 833 292 praesto
846 240 987 288 scilicet
1006 239 1143 287 futuro
1170 241 1279 278 facile
1313 245 1471 279 alter·
1494 246 1538 281 17

30 304 167 333 vtro,
208 305 404 342 quocunque
432 291 488 340 vs
490 305 539 326 us
573 295 769 328 vomuerit.

1371 124 1475 179 133‘

840 293 960 339 Neque
989 303 1075 326 vero
1095 290 1321 339 sujspz'cemini
1350 305 1470 327 rerum

21 340 244 391 superiorum
262 342 462 377 memoriam
481 342 590 377 vllam
604 341 812 389 superfore,
844 351 907 375 aut
927 340 965 375 in
983 340 1080 374 uobis
1118 342 1260 390 (quippe
1291 341 1384 376 nihil
1404 354 1471 375 non

30 389 105 437 iuffi
120 389 278 440 fecistis)
305 391 426 426 autin
445 392 540 427 Rom.
559 399 634 440 pop.
661 390 928 436 nationibusque
956 389 1060 428 aliis.
1098 402 1319 438 quaerunque
1347 390 1386 424 οὐ
1414 404 1470 425 ae-

28 450 150 490 ceptas
168 441 324 475 iniurias
341 438 570 487 defi-inerunt.
624 440 677 474 Sit
691 440 847 475 'omnium
880 438 1025 479 obliuio,
1051 439 1104 484 stt
1126 439 1255 484 fae-clus
1277 439 1471 485 constantis
1495 441 1535 471 ¹8

28 489 230 526 armcitiae,
247 489 403 539 fidesque
431 489 686 525 beneuolentiae
709 503 751 525 ac
781 487 1032 524 moderationis
1052 488 1283 536 sempiterna.

28 539 431 585 loquutusMaximus,
471 550 510 573 ac
541 539 716 581 pecunias
747 549 876 584 magna
912 536 1052 591 cop-ia
1078 538 1288 582 pollicitus,
1336 549 1470 582 pancos

28 587 227 632 Aquileiae
247 598 496 622 commoratus
519 587 596 622 dies
611 612 620 627 ,
650 589 676 623 R
690 600 712 621 υ
725 600 760 622 m
773 599 790 622 a
804 599 839 622 m
867 597 1005 622 reuerti
1025 585 1229 623 constituit.

25 635 134 672 misso
154 637 317 672 exercitu
336 634 481 682 reliquo
507 636 544 671 in
569 636 781 683 piouincias
805 636 985 682 castraque
1015 636 1185 680 propria,
1235 636 1388 671 Rom-am
1418 648 1469 669 re-

29 685 189 722 vertitur
208 685 309 732 ipse,
333 697 418 720 cum
440 683 675 731 stipatoribus
699 686 754 727 iis,
784 685 918 730 quibus
949 682 1211 728 imperatorum
1235 685 1396 720 custodia·
1418 685 1473 718 in-

30 734 250 777 cumbebat,
272 734 306 781 o)
335 734 476 780 quique
496 734 624 770 deiet‘ti
643 747 660 770 a
684 736 708 770 Β
723 734 895 769 albino
923 732 1090 773 fuerant,
1139 745 1259 780 neque
1287 746 1363 769 non
1391 744 1470 770 au-
1490 739 1533 763 21

20 783 295 824 ss'xiliaribus
326 783 546 824 Germanis,
581 796 740 831 quorum
763 783 986 830 potiffimum
1018 781 1105 818 fidei
1142 781 1376 821 confidebat,
1414 792 1472 816 vt-

28 844 120 880 pote
145 833 277 879 quibus
296 832 413 873 olim,
436 834 610 868 nondum
628 837 764 878 adepto
791 832 970 878 imperio,
1005 844 1086 867 cum
1110 836 1287 878 potestate
1303 830 1472 878 praefue-

29 892 103 922 rat,
133 883 312 917 moderate
325 880 362 929 se
377 894 520 930 gerens.

32 929 268 966 Gordianum
290 929 466 966 caesarem
490 930 612 967 secum
625 926 632 929 ’
647 931 852 967 adducens:

573 881 805 925 Ingredienti
825 882 952 917 vrbem
973 880 1083 916 etiam
1103 881 1276 917 Balbinus
1296 879 1470 920 occurrit,
1489 887 1535 911 22

904 928 1051 964 senatus
1079 940 1200 965 aurem
1233 933 1470 976 populusque

30 979 242 1022 vniuersus,
267 977 372 1015 laetis
392 980 714 1018 acclamationibus
736 978 854 1025 veluti
886 978 1156 1026 triumphantes
1186 989 1423 1025 exceperunt.

27 1074 182 1144 PostAEd
202 1088 350 1119 autem,
374 1088 487 1124 quum
509 1076 655 1124 publice
677 1077 924 1125 priuatimque
946 1087 1073 1124 magna
1096 1076 1269 1112 modestia
1298 1086 1337 1112 et
1354 1074 1475 1124 graui-

102 1136 179 1162 tate
202 1126 400 1174 imperium
422 1128 701 1174 gubernaretur,
730 1138 936 1172 omnesque
949 1125 1072 1161 omnia
1085 1125 1182 1161 bona
1200 1123 1380 1166 dicerent,
1403 1126 1475 1162 lae-

28 1184 246 1221 tareturque
266 1176 424 1221 populus
447 1187 484 1211 et
508 1175 730 1223 gloriaretur
751 1176 915 1222 patriciis
938 1173 1172 1220 imperioque
1193 1174 1314 1221 dignis
1336 1173 1472 1219 princi-

27 1223 161 1271 pibuS,
180 1226 221 1272 p)
251 1223 408 1260 militum
428 1235 553 1259 tamen
573 1223 723 1260 vlceroli
742 1223 855 1259 animi
881 1224 1078 1269 populares
1095 1222 1178 1258 illas
1189 1223 1470 1258 acclamationes
1489 1221 1511 1246 2

26 1271 128 1310 haud
149 1273 275 1320 aequis
296 1272 447 1309 auribus
468 1272 720 1318 accipiebant,
750 1272 939 1319 ipsamque
961 1271 1061 1307 illam
1082 1271 1318 1307 nobilitatem
1347 1283 1472 1318 graua-

30 1321 189 1362 bantur‚
216 1320 372 1369 indigne
397 1320 561 1358 ferentes
579 1321 685 1358 datos
705 1321 769 1357 libi
792 1334 810 1357 a
837 1320 962 1357 senatu
998 1321 1197 1367 principes.

1270 1321 1471 1368 Angebant
1489 1316 1509 1353 3

26 1381 213 1418 praeterea
233 1382 299 1405 eos
317 1370 511 1411 Germani,
533 1382 628 1416 quos
650 1371 690 1406 in
702 1372 788 1406 vrbe
801 1369 917 1406 secum
929 1370 1112 1405 Maximus
1131 1370 1348 1407 retinuerat.
1375 1370 1472 1406 Nam

25 1418 175 1456 futuros
194 1417 359 1454 vindices
380 1418 736 1468 sperabant,-liquid
766 1419 828 1465 ips·
858 1419 974 1455 maius
999 1418 1068 1456 auli
1095 1418 1245 1456 forent:
1282 1419 1471 1466 etiamque

23 1465 171 1511 infidias
198 1467 470 1514 suspectabat,
506 1481 555 1503 ne
583 1467 685 1505 forte
713 1471 756 1504 ab
787 1468 861 1505 illis
893 1481 955 1514 per
982 1467 1148 1506 fraudem
1179 1480 1472 1508 exarmarentur,

22 1517 86 1566 qui
112 1528 214 1564 quum
241 1515 443 1565 praesentes
463 1517 639 1566 adcffbnt,
677 1518 798 1566 facile
826 1519 864 1553 in
893 1517 1044 1566 ipsorum
1070 1519 1176 1553 locum
1191 1518 1466 1566 Jitfficerentur:

22 1578 207 1602 memores
228 1567 356 1602 Seueri
379 1567 582 1614 principis,
606 1566 671 1615 qui
696 1570 806 1603 etiam
839 1566 1039 1603 Pertinacis
1067 1567 1329 1603 interfeftores
1360 1576 1467 1602 exau-
1486 1567 1510 1601 4

27 1626 228 1652 torauerat.

280 1616 410 1657 Quum
438 1614 561 1664 itaque
581 1617 656 1653 ludi
677 1615 882 1664 Capitolini
904 1617 1199 1660 celebrarentur,
1227 1615 1363 1651 deditis
1376 1615 1467 1650 festo
1489 1615 1511 1649 5

21 1676 64 1709 ac
85 1663 294 1710 spectaculis
314 1665 481 1701 omniurn
512 1667 725 1708 mentibus,
761 1677 916 1712 repente
946 1665 1205 1702 dissimulatum
1236 1665 1299 1702 diu
1328 1664 1470 1701 sensum

23 1712 162 1748 milites
185 1712 406 1750 indicarunt.
457 1715 626 1763 Namque
649 1716 698 1751 ira
726 1714 909 1754 instinsti,
947 1727 987 1750 ac
1010 1715 1143 1750 vesano
1171 1713 1334 1762 quodam
1360 1705 1524 1749 motu'5—

26 1761 251 1798 vuanimiter
270 1763 314 1799 ad
346 1762 482 1811 regiam
511 1775 800 1805 concurrentes,
838 1764 886 1812 q)
915 1763 1017 1799 senes
1046 1763 1233 1811 principes
1263 1762 1308 1798 ad
1336 1774 1469 1798 necem

25 1809 286 1857 deposcebant.
335 1814 448 1849 Forte
467 1812 614 1855 accidit,
634 1824 675 1850 vt
696 1826 742 1850 ne
766 1811 828 1859 ipsi
841 1812 995 1860 quidem
1009 1811 1106 1849 inter
1124 1812 1159 1849 se
1184 1812 1267 1849 satis
1287 1824 1463 1860 congrue
1485 1812 1509 1844 7

22 1860 130 1905 ijent:
160 1859 220 1897 sed
252 1861 310 1905 (vt
336 1860 386 1896 est
405 1862 580 1910 regnandi
612 1863 816 1898 inexhausta
839 1861 1018 1904 auiditas,
1042 1872 1155 1910 atque
1177 1861 1469 1897 incommunica-

25 1907 109 1943 bilis
127 1919 253 1956 natura
275 1910 487 1956 potestatis)
514 1912 550 1956 ν)
580 1924 736 1958 vterque
757 1910 803 1948 ad
831 1910 867 1947 se
901 1911 1076 1948 summam
1104 1909 1253 1957 imperii
1285 1910 1467 1946 trahebat.

23 1955 173 1992 Etenim
198 1959 350 1994 Balbino
375 1959 554 1995 claritudo
577 1961 778 2001 natalium,
811 1971 923 2007 atque
943 1961 1078 1996 iterum
1097 1961 1214 2008 gestus
1246 1960 1468 1998 consulatus,
1485 1958 1505 1990 8

20 2006 189 2044 Maximo
210 2019 333 2044 autem
355 2007 584 2050 praefectura
606 2009 726 2051 vrbis,
753 2019 792 2044 et
813 2010 915 2057 quod
935 2022 1056 2046 rerum
1076 2008 1218 2057 peritus
1249 2008 1468 2048 habebatur,

20 2112 186 2144 ratores,
223 2112 262 2139 et
292 2115 386 2151 quae
414 2105 552 2141 Romae
577 2106 718 2153 agenda

21 2163 156 2193 erunt,
185 2151 328 2188 facilius
357 2153 718 2195 administrabuntur,

22 2211 86 2241 et,
125 2199 148 2235 li
179 2200 268 2247 quid
306 2201 416 2238 etiam
447 2202 487 2238 in
507 2214 631 2239 extera
662 2215 717 2238 re-

23 2248 141 2300 gione
189 2250 465 2288 festinationem
519 2251 717 2287 necessario

24 2298 175 2347 poscatg
218 2311 352 2345 vtpote
380 2301 559 2337 alterutro
593 2300 636 2335 ad
665 2313 718 2343 ea,

22 2348 118 2394 quae
135 2350 348 2393 vocabunt,
374 2349 514 2397 praesto
533 2349 640 2387 facile
659 2348 720 2385 fu-

22 2398 128 2434 turo.
180 2399 300 2446 Steph.

70 2447 104 2491 o)
131 2459 213 2482 cum
228 2446 389 2490 iisitcm,
403 2447 465 2494 qui
485 2447 549 2484 sub
561 2447 718 2484 Balbino

22 2494 240 2531 militabant.
303 2495 407 2544 Qin
436 2495 548 2533 etiam
587 2495 719 2534 reuerfi

23 2541 114 2579 sunt
131 2543 346 2588 auxiliares,
386 2547 449 2593 qui
479 2559 498 2582 e
520 2544 720 2582 Germania

22 2601 217 2630 venerant.
269 2595 405 2632 Eorum
424 2595 525 2631 enim
557 2595 721 2632 beneuo-

23 2639 163 2679 lentiae
183 2640 339 2683 fidebat3
365 2655 495 2692 vtpote
514 2644 721 2690 inquorum

24 2691 146 2745 gentis
171 2693 405 2743 praefeciura,
431 2705 519 2729 aute
543 2694 720 2739 adeptum

27 2740 239 2786 imperium,
260 2741 556 2782 moderationem
568 2754 720 2782 omnem

768 2105 993 2144 adhibuerat.
1043 2105 1161 2152 Steph.

810 2155 852 2204 p)
883 2154 1021 2190 milites
1042 2165 1165 2189 tamen
1177 2151 1312 2189 animis
1331 2152 1471 2189 aestua-

769 2204 882 2243 bant.
909 2213 947 2237 et
969 2213 1053 2237 cum
1073 2203 1146 2238 illis
1169 2214 1259 2249 pop.
1289 2202 1468 2238 acclama-

769 2252 939 2292 tionibus
959 2249 1261 2294 offendebantur,
1283 2261 1363 2289 tum
1374 2264 1469 2288 vero

769 2302 935 2349 ipsorum
955 2302 1223 2348 Imperatorum
1238 2300 1466 2347 illamipsam

769 2349 1003 2386 nobilitatem
1024 2349 1277 2398 grauabantur.
1306 2350 1443 2398 ,Sta-ph.

818 2402 855 2448 q)
883 2398 1031 2435 senibus
1052 2397 1343 2446 imperatoribus
1373 2399 1466 2436 irru-

769 2448 902 2497 ptione
922 2447 1009 2485 fasta
1029 2447 1309 2495 superueniunt.
1344 2447 1466 2496 steph.

819 2499 856 2544 r)
884 2495 1081 2545 imperium
1099 2497 1268 2534 certatim
1282 2499 1325 2534 ad
1338 2496 1373 2533 se
1388 2506 1466 2532 tra-

769 2547 926 2584 hebant:
956 2558 1069 2594 quum
1095 2546 1270 2583 Balbinus
1298 2545 1467 2593 quidem,

771 2607 924 2644 propter
940 2596 1178 2634 nobilitatem
1197 2606 1237 2632 et
1255 2594 1348 2632 duos
1365 2606 1465 2630 con-

771 2645 908 2682 sulatus
930 2657 948 2681 a
967 2645 1003 2681 se
1021 2645 1160 2693 gestos,
1195 2644 1327 2693 primas
1341 2644 1469 2691 partes*

769 2706 899 2731 tenere
917 2705 1074 2742 aequum
1093 2692 1280 2734 censeret,
1301 2704 1337 2728 at
1348 2693 1466 2728 Maxi·

768 2755 863 2786 mus,
875 2744 978 2791 quod
991 2742 1194 2793 praefectus
1203 2742 1303 2782 vrbis
1327 2739 1465 2784 fuiffen

1370 490 1471 523 Haec
1495 493 1535 525 ¹9

1282 588 1395 633 Igitur
1413 586 1447 622 «ii
1490 590 1537 615 20
