1707 3140
86 401 134 436 25
155 396 217 434 fibi
243 397 498 432 adjunxerunt.

88 541 135 574 26
154 542 320 579 venalem
347 553 469 587 pacem
497 541 646 575 habent.

148 143 175 188 8
250 135 845 184 -.HEROD1AN1

903 125 1409 178 JHISTORIAE

82 255 131 290 24
151 248 380 290 coercendis,
407 246 672 295 profeffionem
692 248 732 288 z>
758 244 941 280 continue
962 243 1086 280 edicit.
1138 242 1197 278 Illi
1229 241 1363 289 igitur,
1389 239 1588 283 demanda-

152 312 190 337 ta
202 299 266 335 fibi
288 297 414 334 munia
434 296 628 334 obeuntes,
660 293 754 330 haud
779 293 827 328 ita
847 293 963 340 longo
985 303 1155 338 tempore
1177 292 1312 328 multos
1331 290 1440 327 armis
1465 291 1590 327 barba-

154 361 214 385 ros
233 348 469 394 subegerunt.
496 346 672 392 quosdam
691 353 812 378 autem
833 353 876 377 ex
899 341 945 376 iis
973 341 1112 388 magnis
1133 340 1302 387 praemiis
1323 337 1363 374 in
1389 338 1588 376 amicitiam

557 392 669 439 Qod
695 390 843 438 quidem
872 389 969 425 haud
994 389 1147 425 difficile
1183 387 1281 426 fastu
1310 387 1403 424 fuit:
1448 387 1589 435 quippe

156 445 307 485 barbari,
327 444 452 490 suapte
473 453 603 478 natura
627 440 805 488 pecuniae
832 438 945 479 auidi,
974 438 1219 485 periculorum
1242 436 1500 486 despicientes,
1521 447 1586 472 aut

154 492 356 530 incurlibus
387 490 761 538 populationibusque
781 487 915 523 vicium
940 499 1086 533 parant,
1113 497 1173 522 aut
1202 485 1386 533 proposita
1415 485 1588 522 mercede

699 536 811 580 Quod
840 535 1053 583 intelligens
1075 534 1326 574 Commodus.
1354 545 1396 570 vt
1417 533 1589 583 pecunia,

152 603 222 639 qua
240 591 394 626 maxime
415 589 634 631 abundabat,
661 585 894 624 securitatem
912 586 1126 627 redimeret,
1143 580 1239 621 nihil
1260 583 1434 621 videlicet
1454 593 1590 634 petenw

152 641 253 677 tibus
277 639 490 688 denegabat.

414 763 429 768 “
835 752 916 789 Vll.

154 819 256 890 Vbi
273 831 396 855 autem
413 819 452 862 a)
481 817 604 854 dedita
632 815 875 864 profectionis
902 815 997 852 fama
1027 829 1091 864 per
1122 815 1330 859 exercitum
1361 812 1432 855 est,
1458 812 1598 861 ingens·

246 879 399 915 repente
421 868 509 903 totis
538 867 653 903 castris
682 877 804 901 motus
826 865 965 907 extitit,
991 866 1096 902 nullo
1118 877 1196 901 non
1219 865 1340 901 redire
1360 863 1515 899 Romam
1527 864 1593 900 'cu-

112 919 136 945 2
156 916 304 965 piente,
346 916 547 962 relifloque
574 915 692 952 hostili
726 914 806 950 solo
837 916 987 959 vrbanas
1027 913 1222 954 affec‘tante
1250 911 1409 950 delicias.
1460 911 1592 948 Postea

155 979 243 1002 vero
275 977 381 1013 quam
409 966 503 1001 fama
531 976 570 1000 ac
601 963 745 1000 nuntiis
772 964 960 1011 vulgatum
986 963 1035 999 est
1061 963 1198 1000 reuerti
1229 963 1269 998 in
1298 963 1424 998 vrbem
1452 959 1593 1008 princi-

155 1028 261 1062 pem,
296 1014 520 1049 incredibilis
549 1013 755 1049 vniuersam
791 1014 937 1059 plebem
967 1013 1106 1049 laetitia
1137 1022 1378 1060 peruagatur,
1405 1009 1506 1058 spem
1526 1007 1593 1046 fibi

156 1073 386 1110 vnoquoque
413 1062 589 1109 optimam
618 1064 663 1099 de
682 1062 829 1098 iuuenis
856 1062 1088 1108 imperatoris
1108 1061 1310 1108 praesentia
1338 1068 1598 1107 proponente,

115 1117 135 1156 3
157 1112 464 1158 credentibusque
488 1110 685 1152 vniuerlis,
712 1111 870 1157 paternis
899 1123 985 1146 eum
1014 1111 1174 1159 vestigiis
1205 1108 1471 1157 perrefiturum.·
1517 1106 1593 1144 Sed

156 1162 219 1197 ille
239 1160 409 1196 festinato
429 1160 497 1195 iter
515 1159 667 1201 faciens,
696 1171 734 1195 et
752 1158 907 1195 iuuenili
926 1159 1086 1206 quodam
1106 1161 1235 1195 ardore
1257 1170 1387 1194 omnes
1409 1157 1448 1194 in
1465 1154 1594 1194 medio

157 1211 263 1245 vrbes
293 1209 477 1245 curriculo
506 1207 768 1255 pertransiens,
801 1210 982 1256 regioque
1011 1207 1135 1248 cultu,
1163 1207 1344 1254 laetisque
1365 1209 1594 1253 populorum

158 1257 433 1295 celebritatibus
451 1268 641 1303 exceptus,
669 1267 792 1304 gratus
822 1257 998 1292 nimirum
1025 1257 1197 1292 omnibus
1220 1267 1330 1302 atque
1357 1267 1506 1302 optatus
1529 1253 1595 1290 ad-

117 1307 141 1342 4
160 1308 346 1344 ueniebat.

398 1305 468 1341 Sed
489 1305 548 1342 vbi
569 1307 721 1341 Romam
740 1305 1064 1353 appropinquauit,
1086 1306 1232 1341 senatus
1250 1303 1367 1341 statim
1387 1303 1595 1343 vniuersus..

159 1355 393 1403 populusque
412 1355 610 1396 Romanus,
642 1366 775 1402 magno
803 1366 869 1401 pro
889 1353 923 1388 se
943 1354 1098 1402 quisque
1117 1353 1376 1390 anteuertendi
1400 1353 1518 1390 studio
1540 1350 1596 1389 ef-

160 1404 252 1444 fust,
282 1405 528 1451 laureatique,
563 1415 603 1438 ac
630 1403 741 1438 flores
770 1402 1005 1439 omnifariam
1033 1410 1151 1449 (quos
1182 1403 1290 1438 dabat
1317 1404 1405 1439 anni
1428 1402 1595 1448 tempus)

162 1454 196 1498 b)
218 1453 474 1493 conferentes,
502 1464 610 1497 quam
634 1452 792 1500 quisque
813 1453 857 1488 ab
875 1453 963 1488 vrbe
992 1451 1200 1499 longiffime
1224 1462 1392 1499 poterat,
1422 1462 1594 1487 occurre-

122 1503 141 1538 5
164 1503 273 1543 bant,
296 1501 405 1537 visuri
428 1501 632 1548 principem
665 1512 781 1537 aetate
804 1512 916 1547 atque
945 1501 1143 1538 nobilitate
1176 1499 1423 1547 conspicuum.
1452 1499 1597 1548 quippe

159 1553 194 1596 c)
215 1551 382 1585 amabant
404 1549 521 1591 illum,
544 1560 584 1586 et
601 1549 749 1598 quidem
769 1549 956 1585 veriffimis
975 1548 1176 1591 affestibus‚
1201 1559 1323 1599 vtpote
1345 1560 1473 1585 natum
1495 1547 1596 1595 apud

163 1599 259 1646 ipsos
289 1600 571 1646 educatumque,
597 1599 788 1646 tertioque
815 1599 885 1634 iam
902 1600 940 1644 d)
968 1600 1081 1648 gradu
1108 1598 1306 1645 imperium
1335 1597 1595 1634 nobilitatem-

119 1643 142 1676 6
163 1661 234 1695 qtae
261 1650 456 1683 Romanam
487 1647 807 1694 complefientem.
861 1648 956 1683 Nam
979 1659 1169 1694 paternum
1190 1647 1223 1683 ei
1243 1658 1359 1694 genus
1379 1660 1397 1683 a
1420 1646 1596 1694 primori-

162 1698 228 1733 bus
257 1696 427 1732 se;1atorii
445 1696 606 1732 ordinis:
635 1707 748 1731 mater
776 1707 899 1732 autem
919 1696 1106 1738 Faustina,
1133 1696 1311 1744 principis
1337 1708 1446 1737 vxor,
1471 1699 1596 1733 Anto-

120 1748 143 1781 7
163 1744 244 1781 nini
264 1745 315 1781 Pii
336 1744 421 1786 filia,
451 1745 594 1781 Adriani
614 1743 722 1782 etiam
746 1758 809 1792 per
827 1757 980 1782 matrem
999 1745 1138 1793 neptis,
1165 1744 1295 1782 seriem
1317 1745 1430 1792 ipsam
1448 1743 1596 1793 generis

161 1794 412 1829 ad'rraianum
437 1806 613 1841 proauum
632 1793 825 1830 referebat.
874 1796 958 1831 Hoc
979 1794 1102 1831 editus
1123 1806 1258 1842 genere
1275 1795 1502 1831 Commodus
1522 1792 1594 1829 est:

123 1843 141 1876 8
163 1842 221 1877 cui
245 1843 393 1889 quidem
421 1854 562 1889 praeter
590 1844 718 1879 aetatis
742 1844 893 1885 florem,
919 1844 1029 1880 etiam
1066 1842 1207 1880 formae
1242 1843 1403 1892 dignitas
1425 1841 1596 1891 suffraga-

163 1893 291 1932 batur,
320 1903 528 1940 congruens
561 1891 725 1938 corporis
753 1892 906 1935 modus,
936 1892 1086 1939 pulchra
1115 1892 1471 1941 virilisquerfacies,
1498 1903 1598 1928 tran-

122 1943 143 1978 9
165 1940 300 1988 quillae
322 1940 421 1977 faces
444 1940 560 1976 oculis
587 1952 698 1987 atque
718 1941 916 1982 micantes,
943 1942 1035 1977 flaua
1062 1952 1102 1978 et
1122 1942 1235 1988 crispa
1264 1941 1455 1986 caesaries:
1481 1950 1522 1976 vt
1551 1939 1595 1977 in

163 1989 237 2023 iole
267 1988 469 2025 ambulanti
498 1990 602 2026 velut
620 1990 705 2037 igne
727 1991 887 2037 quodam
910 1990 1099 2032 rutilaret,
1128 1990 1173 2026 sic
1201 2002 1241 2027 vt
1269 2002 1421 2028 euntem
1443 1989 1596 2038 quidam

160 2038 269 2074 scobe
288 2050 390 2074 aurea
411 2049 582 2083 putarent
608 2038 819 2086 conspergi:
849 2039 995 2086 quidam
1015 2039 1124 2075 etiam
1147 2041 1180 2086 e)
1211 2053 1278 2087 pro
1299 2049 1520 2089 argumento
1540 2038 1596 2074 di-

160 2086 328 2124 uinitatis
347 2086 567 2135 acciperent,
598 2099 638 2123 ac
657 2086 776 2124 radios
796 2087 863 2124 effe
882 2088 969 2124 illos
989 2088 1084 2124 circa
1104 2088 1281 2126 verticem
1305 2087 1493 2140 genitiuos
1511 2086 1592 2136 opi·

211 2208 250 2248 z)
278 2205 346 2241 for.
376 2206 581 2242 continuo:
604 2218 698 2254 quae
729 2218 854 2244 tamen

163 2267 233 2289 vox
275 2255 423 2291 Graccis
448 2254 581 2292 adiecta
623 2257 740 2292 verbis
772 2257 852 2295 crit.

161 2304 275 2351 Steph.

210 2354 247 2397 a)
280 2351 350 2387 for.
377 2352 495 2386 didita
525 2351 662 2399 scripsit
684 2355 786 2398 Pol„
810 2365 853 2391 ut

165 2402 304 2436 diditur
334 2413 454 2435 rumor
491 2402 582 2445 apud
607 2403 760 2449 Virga,
788 2404 851 2440 ubi

165 2461 286 2486 tamen
310 2448 435 2484 itidem
451 2451 540 2485 male
559 2451 700 2486 deditur
722 2452 758 2487 in
771 2452 852 2500 qui·

163 2498 314 2535 busdam
336 2498 399 2533 lib.
427 2499 540 2546 Steph.

216 2550 251 2590 b)
279 2546 388 2581 flores
409 2557 485 2582 tum
507 2559 583 2582 non
609 2549 851 2594 confcrehant,

165 2595 246 2637 sed,
271 2607 362 2635 quos
383 2595 500 2641 postea
526 2595 686 2632 iacerent
707 2610 744 2632 ac
762 2599 851 2645 spar-

167 2655 316 2691 gerent,
345 2644 569 2693 afferebant,
595 2658 634 2682 ut
661 2645 783 2683 videre
804 2647 852 2683 est

165 2695 273 2741 paulo
295 2694 385 2742 post.
412 2692 488 2731 Nisi
512 2693 610 2732 sorte
631 2695 852 2742 conferentes

900 2220 968 2257 pro
976 2209 1091 2255 stmul
1113 2199 1309 2259 afferente}
1327 2209 1432 2246 dixit.
1453 2210 1569 2260 Stypb.

948 2277 991 2319 c)
1018 2273 1157 2322 quippe
1179 2274 1357 2310 desiderio
1385 2274 1462 2309 eius
1491 2287 1595 2311 tene-

899 2322 1048 2364 bamur,
1071 2333 1109 2358 et
1129 2323 1277 2368 quidem
1297 2335 1330 2356 v.
1360 2321 1433 2365 aff,
1462 2336 1596 2370 vtpote

897 2372 973 2407 nati
996 2372 1090 2418 apud
1111 2370 1173 2418 ips.
1195 2371 1340 2407 educati
1361 2383 1446 2435 que
1478 2374 1594 2422 Steph.

948 2437 988 2480 d)
1014 2445 1052 2471 et
1071 2436 1133 2482 qui
1155 2448 1172 2471 a
1193 2436 1299 2472 tertia
1318 2437 1388 2473 iam
1406 2436 1513 2486 stirpe
1524 2441 1596 2475 lm-

901 2495 1052 2531 perator
1071 2495 1110 2520 et
1142 2485 1314 2533 patricius
1343 2488 1594 2525 Romanorum

901 2531 999 2570 effet.
1027 2534 1148 2581 Steph.

948 2600 983 2643 e)
1023 2598 1160 2646 aliquid
1191 2598 1362 2637 diuinum
1390 2602 1458 2639 ess'e
1487 2613 1594 2650 puta-

900 2659 997 2688 rent,
1022 2648 1080 2682 vel
1101 2647 1286 2688 diuinitus
1312 2650 1347 2688 ei
1372 2649 1594 2702 contingere

900 2697 1079 2736 dicerent.
1103 2697 1220 2747 Steph.
