1707 3140
590 89 1016 136 LIBERI.

90 215 132 240 re
157 201 395 250 propinatum
423 199 502 242 fibi,
529 212 667 239 temere
687 200 898 238 interbibit.
947 201 1074 243 Quare
1104 199 1226 237 statim
1254 198 1387 247 capitis
1406 211 1533 248 graue·
1554 208 1601 235 20

90 251 178 288 dine
200 261 414 298 occupatus,
442 262 553 299 atquc
574 253 611 288 in
635 251 804 298 soporem
831 249 1033 297 prolapsus,
1060 261 1177 298 quum
1199 253 1236 287 id
1258 263 1302 288 ex
1321 249 1447 285 labore
1470 261 1531 284 ac-

86 299 212 337 cidisse
238 300 476 347 opinaretur,
505 300 622 347 quieti
652 301 687 336 se
719 298 883 336 tradidit.
936 299 1080 336 Eleclus
1107 309 1229 336 autem
1253 309 1292 335 et
1316 298 1447 334 Martia
1475 310 1530 333 re·
1551 306 1593 334 21

85 350 216 386 cedere
236 362 368 386 omnes
383 349 592 391 confestim,
605 361 643 386 et
661 350 759 386 suam
777 361 966 397 quemque
988 349 1141 385 domum
1162 349 1302 386 reuerti
1316 347 1459 388 iubent,
1477 359 1528 383 ne

83 398 206 436 somni
237 400 407 446 indigum
430 400 681 435 Commodum
711 398 1050 446 expergefacerent.
1102 400 1143 435 ld
1170 409 1293 434 autem
1325 396 1410 432 alias
1431 407 1527 443 quo·
1548 402 1596 429 22

83 461 157 496 que
176 461 217 484 ex
237 447 415 485 ebrietate
443 447 558 485 nimia
585 449 709 485 facere
737 450 989 484 consueuerat.
1041 448 1074 493 t)
1094 449 1189 484 Nam
1223 459 1337 494 quum
1365 446 1422 481 vel
1453 446 1528 482 bal-

82 499 165 535 neis
185 499 242 533 vel
273 498 394 545 epulis
429 511 579 545 operam
603 499 727 539 daret,
750 497 896 534 nullum
919 496 1057 533 scilicet
1085 496 1243 533 habebat
1270 495 1528 543 praestitutum

81 547 202 597 quieti
226 559 385 594 tempus.
411 547 551 584 etenim
571 548 664 584 aliae
689 546 834 583 ex‘aliis
857 547 1084 593 voluptate&
1111 558 1251 594 eaeque
1274 546 1372 581 inter
1395 543 1429 580 se
1454 556 1528 580 ma·

81 598 182 634 xime
204 595 389 638 diuersae,
421 596 558 634 seruire
585 596 647 633 sibi
680 596 873 634 hominem
901 597 1012 633 etiam
1042 595 1205 632 inuitum
1231 600 1269 640 u)
1297 605 1528 643 quocunque

82 658 256 694 tempore
284 646 511 695 subigebant.
565 646 772 683 pauxillum
801 645 914 694 igitur
933 658 1048 694 quum
1070 644 1289 692 requiesset,
1323 656 1363 678 ac
1395 642 1465 679 iam
1490 642 1526 678 se
1546 650 1590 689 *3

80 697 126 733 ad
148 696 372 732 stomachum
394 707 432 731 et
452 695 577 732 aluum
596 695 734 732 veneni
759 695 812 731 vis
833 694 1051 737 insinuasset,
1084 696 1215 731 oborta
1238 692 1432 741 vertigine,
1455 705 1524 728 νοω

78 745 192 783 micus
216 755 256 782 et
280 744 432 791 quidem
453 743 592 784 affatim
612 745 834 781 consecutus
856 745 923 780 est:
941 743 1027 780 >flue
1057 742 1137 791 ipso
1160 743 1258 784 cibo,
1279 755 1390 789 quem
1413 739 1525 790 largi-

79 807 135 833 ter
163 805 249 831 ante
281 793 473 836 sumsisset,
513 795 702 841 multaque
741 793 831 830 meri
860 792 1018 842 potione
1049 794 1150 830 virus
1180 794 1413 840 expellente:
1461 792 1526 828 seu.

78 845 255 893 quoniam
275 843 505 894 principibus
527 858 605 880 mos
619 844 680 885 est,
709 856 908 891 antequam
930 841 1051 880 cibum
1067 843 1228 890 capiant,
1251 842 1525 878 medicamento

77 893 146 935 vti,
177 906 251 939 quo
272 904 416 930 venena
440 894 725 939 prohibeantur.
764 895 961 930 Caeterum
973 904 1084 939 quum
1107 892 1264 929 multum
1285 890 1524 931 euomuisset‚

76 944 188 980 veriti
213 943 266 980 illi
292 955 339 978 ne
369 955 518 979 veneno
541 955 694 991 quoque
713 942 817 980 omni
838 942 956 980 eieeto
977 943 1174 991 colligeret
1200 941 1292 983 sese,
1320 951 1432 987 atque
1453 951 1525 974 vna

75 1005 209 1029 omnes
241 992 343 1029 caedi
376 992 593 1039 imperaret,
626 998 676 1037 x)
705 992 966 1039 persuaserunt
997 1004 1127 1040 magna
1158 993 1329 1028 mercede
1358 987 1524 1026 Narciss'o

74 1042 236 1084 cuidam,
256 1041 384 1077 audaci
405 1042 629 1088 strenuoque
647 1041 885 1083 adolescenti,
913 1053 955 1078 vt
973 1041 1092 1088 ipsum
1113 1039 1152 1076 in
1167 1041 1343 1077 cubiculo
1364 1038 1527 1086 strangu-

70 1093 173 1130 laret.
220 1091 292 1127 Hic
317 1092 518 1138 irrumpens
543 1092 640 1127 illum
668 1101 702 1128 et
720 1104 853 1128 veneno
883 1102 917 1127 et
945 1092 1095 1140 crapula
1121 1090 1420 1139 langurfientem,
1447 1098 1526 1123 con·
1544 1086 1592 1120 25

62 1142 194 1192 strido
217 1150 372 1190 gutture
399 1140 582 1187 interficit.
635 1142 748 1177 Hunc
765 1139 876 1176 finem
901 1140 999 1176 vitae
1017 1142 1248 1176 Commodus
1274 1139 1424 1179 habuit,
1453 1146 1526 1172 tre·
1545 1128 1592 1162 26

72 1192 193 1228 decim
213 1202 332 1226 annos
353 1189 431 1237 post
447 1187 612 1236 parentis
632 1190 779 1227 obitum
801 1189 961 1236 imperio
979 1188 1247 1225 administrato:
1277 1199 1370 1224 vnus
1401 1185 1523 1221 omni-

73 1252 138 1277 um
158 1251 245 1277 ante
262 1238 296 1274 se
315 1240 578 1285 imperatorum
600 1239 851 1280 nobiliffimu-s‚
880 1239 1127 1284 omniumque
1147 1239 1225 1274 eius
1244 1237 1374 1273 aetatis
1400 1234 1523 1272 homi-

69 1302 160 1325 num
183 1287 469 1326 formosissimus.
500 1288 603 1336 quod
624 1288 646 1324 si
668 1289 809 1338 aliquid
825 1288 1028 1324 dicendum
1047 1287 1093 1323 de
1113 1287 1342 1324 fortitudine
1369 1295 1522 1332 quoque

71 1339 202 1386 est,y)
231 1351 279 1373 ne
311 1338 350 1374 in
382 1339 454 1373 hoc
475 1339 628 1385 quidem
654 1340 849 1386 cuiquam,
885 1337 1098 1384 praesertim
1125 1335 1348 1373 destinandis
1376 1334 1522 1374 istibus,

69 1387 315 1425 concessurus,
366 1389 447 1424 Sed
459 1397 586 1423 tamen
609 1399 727 1425 totam
745 1388 843 1425 vitae
861 1387 1048 1424 rationem
1067 1385 1196 1424 studiis
1224 1387 1286 1432 (vt
1305 1382 1522 1428 dictumest)

67 1437 286 1475 foediffimis
305 1437 580 1474 contaminauit

1474 99 1536 139 23

1543 1284 1589 1319 27

1069 1550 1521 1570 ι-ι--η-ᾳεν--ῄ

400 1653 678 1700 LIBER
733 1652 1204 1703 SECVNDVS.

204 1818 513 1859 monstrauimus,
548 1830 664 1865 quum
691 1819 809 1854 celare
836 1818 970 1855 facium
1000 1817 1282 1855 interfcuores‚
1315 1824 1355 1849 et
1382 1811 1519 1848 aulicas
1540 1817 1562 1844 2

67 1766 212 1881 OC
223 1767 279 1805 CI
293 1768 315 1804 S
327 1769 364 1805 O
386 1770 427 1812 a)
440 1768 669 1808 Commodo,
686 1767 1002 1816 quemadmodum
1025 1766 1215 1815 superiore
1237 1761 1430 1801 volumine
1454 1748 1521 1797 de-

205 1865 374 1904 excubias
394 1867 525 1904 fallere
547 1868 703 1909 vellent,
731 1866 796 1903 vili
818 1868 979 1915 quodam
1001 1866 1160 1916 stragulo
1191 1865 1409 1905 inuolutum
1429 1873 1519 1895 con-

65 1917 302 1965 strifiumque
331 1917 617 1964 corpusculum,
639 1929 680 1954 ac
698 1918 844 1955 duobus
870 1919 1082 1966 exploratae
1102 1915 1189 1953 fidei
1210 1913 1356 1953 famulis
1373 1907 1520 1959 imposi-

65 2032 231 2071 sentiret.
249 2033 366 2082 Steph.
380 2032 452 2075 vel,
472 2045 513 2069 vt
532 2030 678 2071 nulfum
690 2033 769 2072 sub.-

65 2083 136 2120 ess'e
158 2084 287 2119 dolum
305 2081 468 2119 sentiret.
494 2084 584 2130 Sylb.

115 2150 147 2192 t)
175 2148 300 2194 Qzum
329 2147 429 2184 enim
452 2148 531 2196 post
554 2144 772 2195 frequentia

65 2197 194 2233 balnea
215 2197 431 2244 frequenter
443 2197 555 2235 etia'm
575 2197 700 2234 cibum
714 2197 769 2233 su-

65 2252 197 2289 meret,
223 2247 370 2288 nullum
389 2248 470 2283 hab.
495 2247 694 2295 pr.,Steph.

79 2354 83 2365 ἲ
111 2313 151 2361 u)
181 2323 297 2360 quum
325 2323 473 2359 tempus
494 2312 716 2354 aduenerat,
743 2312 767 2347 i.

63 2375 99 2448 Ξ.
124 2374 238 2447 q'uum
271 2361 411 2410 cupido
447 2374 534 2398 eum
570 2360 766 2398 inuaserat.

89 2421 183 2462 tepy.

111 2479 153 2526 x)
183 2476 435 2526 persuaserunt
463 2475 593 2514 inueni
620 2478 766 2515 cuidam

62 2527 220 2564 nomine
233 2527 410 2568 Narciffo,
421 2526 568 2564 strenuo
590 2540 631 2563 ac
652 2529 765 2564 robu-

63 2578 131 2618 sto,
145 2588 185 2614 vt
198 2575 373 2625 ingressus
387 2578 640 2617 Commodum
655 2577 764 2616 stran-

57 2629 224 2675 gularet:
258 2637 388 2674 magna
415 2624 578 2674 praemia
593 2627 632 2665 se
658 2627 763 2664 datu·

62 2687 122 2722 ros
146 2674 320 2723 polliciti.
349 2675 467 2726 Steph.

860 2036 906 2081 y)
932 2032 1027 2072 nulli
1060 2030 1198 2069 certior
1224 2030 1299 2069 fuit
1328 2038 1455 2064 manus
1473 2034 1523 2080 'et

818 2085 958 2120 maiore
979 2081 1202 2118 dexteritate
1231 2078 1416 2126 praedita:
1441 2073 1525 2117 nisi,

820 2144 928 2179 quarn
951 2130 1012 2176 his,
1029 2131 1068 2167 in
1087 2132 1192 2166 rebus
1213 2131 1338 2166 nactus
1366 2132 1443 2165 erat
1466 2123 1523 2179 fe-

819 2180 1023 2222 licitatem,
1093 2178 1220 2215 studiis
1289 2175 1520 2214 foediffimns,

819 2230 1152 2278 (quemadmodum
1174 2226 1366 2273 diximus,)
1395 2234 1525 2260 conta-

819 2279 995 2316 minasset.
1015 2279 1134 2327 Steph.
1268 2298 1276 2299 ff

868 2331 905 2377 a)
935 2331 1061 2377 Qum
1075 2328 1115 2370 ii,
1141 2327 1205 2375 qui
1224 2323 1436 2364 Commodo
1451 2321 1524 2377 ,in-

818 2377 1060 2418 inflabantur,
1103 2377 1211 2416 illum
1253 2372 1524 2416 interfecislent
1554 2373 1557 2384 ⁸

816 2441 877 2471 eo,
901 2440 979 2476 quo
996 2427 1134 2466 distum
1161 2426 1212 2463 est
1239 2423 1354 2461 moflo
1387 2424 1426 2459 in
1448 2420 1524 2477 pri·-

816 2486 879 2517 mo
900 2477 1009 2518 huius
1021 2477 1024 2478 ⁷
1037 2475 1210 2515 historiae
1237 2482 1526 2513 commentario,

816 2540 855 2564 et
876 2528 994 2564 celare
1014 2526 1149 2563 fastum
1163 2524 1329 2562 vellent:
1354 2534 1395 2559 vt
1415 2519 1521 2557 satel-
1552 2542 1553 2545 =

814 2576 914 2619 lites,
940 2577 1005 2625 qui
1027 2577 1146 2614 ausam
1165 2573 1439 2622 imperatoriam
1460 2581 1522 2608 cu-

813 2626 1046 2725 goffiebam'
1089 2626 1278 2666 laterent,
1317 2621 1385 2661 vili
1411 2633 1447 2671 q..
1476 2619 1519 2659 st·

838 2685 873 2711 te
921 2703 930 2711 .
