1707 3029
412 131 836 180 IMPERATORES
867 135 1102 181 NOTAE.
1362 148 1380 179 1
1395 148 1421 191 4
1434 150 1461 192 7

35 256 151 292 -diunt
163 253 311 292 liberos,
331 263 399 287 non
411 248 522 297 solum
541 249 677 291 liberis,
699 249 769 297 fi’d
784 250 892 286 etiam
911 250 1126 299 reipublicae
1135 249 1287 296 faciunt
1301 251 1484 289 iniuriam.

46 304 163 342 Nullo
176 313 336 337 attamen
350 301 386 335 in
401 299 555 347 negotio
570 299 654 344 plus
665 297 903 347 delinquunt,
932 300 1091 345 quamin
1107 301 1177 336 hoc
1189 298 1257 334 viri
1275 300 1480 348 Principes,

48 354 135 399 dum
159 353 215 386 vel
239 349 466 399 grauioribus
490 348 625 382 intenti
648 348 791 384 minore
810 361 893 384 cura
918 348 1056 384 liberos
1079 349 1234 384 educare
1257 349 1396 390 solent,
1424 350 1485 385 vel

47 413 168 438 curam
188 401 392 436 liberorum
411 396 642 438 abiicienres,
666 398 746 432 aliis
766 410 843 432 eam
865 397 1114 439 demandant,
1159 395 1275 444 inque
1309 411 1373 434 eos
1402 398 1486 436 reii-

44 451 176 492 ciunt‚
206 450 268 495 qui
300 446 438 494 saepius
465 447 502 481 in
532 447 610 481 aula
640 446 775 492 peliimi
796 447 950 482 audiant
970 445 1180 494 juuentutis
1206 448 1483 492 deprauatores,

45 499 104 535 vel
125 498 258 539 etiam,
287 497 377 532 dum
398 494 580 531 simiarum
598 494 671 530 ritu
686 521 695 536 ‚
724 495 889 531 sobolem
908 496 1106 543 complexu
1127 495 1340 532 necantium
1354 522 1364 537 ‚
1391 495 1483 532 libe-

43 560 171 586 torum
206 545 371 582 indolem
408 544 511 580 tenui
535 556 575 578 ac
598 543 703 579 molli
725 555 971 590 corrumpunt
988 544 1235 583 educatione,
1263 557 1326 580 eos
1347 545 1392 580 ad
1411 545 1484 581 vir-

43 608 149 634 tutes
167 609 246 632 non
267 597 466 631 hortantur
486 593 660 634 seuerius,
685 604 811 640 neque
831 593 924 629 alios
945 593 982 629 id
1001 592 1122 628 facere
1145 594 1390 638 perm³ttunt‚
1417 594 1482 631 sed

44 647 171 695 potius
196 644 377 681 facientes
401 643 490 678 odio
509 641 805 689 prosequuntur,
844 655 861 677 a
891 641 992 679 vitiis
1019 655 1099 677 non
1120 643 1322 678 absterrent
1351 643 1485 684 acrius,

41 707 168 742 neque
185 693 344 731 nimium
368 691 553 728 absterreri
575 692 710 727 volunt
726 716 736 733 ,
767 704 816 727 ne
847 691 951 728 forte
980 691 1083 738 supra
1110 692 1263 727 modum
1285 702 1484 737 apbareant

41 744 212 793 religiosi.
261 744 302 779 Id
330 740 413 777 vitii
433 740 538 776 fuisse
563 740 600 775 in
623 741 751 776 Marco
770 753 849 776 non
869 742 1020 777 obscure
1040 751 1147 777 notat
1167 741 1351 787 Lamprid
1365 741 1402 776 in
1417 741 1486 776 vit‘.

43 790 269 831 Commodi:
296 791 486 826 Adhibitos
505 789 654 838 custodes
674 790 774 826 vitae
786 789 872 838 suae
896 789 1105 839 homstiores
1114 791 1227 836 ferre
1254 803 1322 825 non
1350 791 1484 838 potuit,

37 840 215 893 peffirivtos,
240 854 322 891 quos
338 840 507 878 detinuit,
533 849 566 874 et
580 839 756 888 fitbmotos
778 837 886 887 vsque
908 841 961 874 ad
974 840 1236 887 aegritudinem
1246 840 1484 884 defiderauit:

43 893 167 942 quibus
186 901 252 941 per
273 890 392 939 patris
412 889 593 924 mollitiem
612 888 812 936 restitutis,
837 888 985 938 popinas
1014 899 1049 924 et
1070 901 1209 936 ganeas
1236 889 1273 924 in
1301 888 1495 926 Palatinis.

35 941 175 993 semper
208 941 352 976 aedibus
361 937 460 984 fecit
473 953 484 973 .·
510 950 620 986 neque
638 948 793 984 vnquam
814 938 973 986 pepercit
993 939 1054 974 vel
1066 939 1194 983 pudori
1212 940 1274 974 vel
1287 938 1459 987 sumptui.

186 1003 263 1031 1,2,
279 1000 309 1036 3.
343 994 547 1034 Θυγατέξας
568 990 602 1023 ἐν
621 985 689 1033 ὥρᾳ
708 995 887 1031 γενομένας
913 987 1051 1032 ἐξέδετο
1067 983 1224 1032 ἁνδςοῖσι)
1276 990 1316 1024 In
1339 986 1485 1023 filiabus

45 1038 234 1076 elocandis
254 1038 409 1074 maxima
431 1035 591 1084 parentis
619 1047 702 1071 cura
729 1047 769 1070 ac
799 1037 993 1084 diligentia
1024 1036 1250 1084 requiritur,
1286 1038 1484 1083 praecipua

47 1087 189 1136 quippe
221 1087 347 1128 radix,
398 1085 611 1133 praecipuus
630 1084 738 1126 fdus,
791 1085 890 1122 vnde
916 1085 1099 1133 potiffima
1117 1098 1208 1132 pars,
1252 1087 1311 1121 vel
1328 1085 1486 1121 felicita-

45 1139 116 1178 tis,
142 1137 198 1173 vel
221 1134 452 1172 infelicitatis
475 1134 652 1180 prouenit
672 1133 709 1168 in
732 1133 806 1170 vita
830 1135 1063 1177 mortalium,
1102 1135 1249 1169 videtur
1269 1134 1337 1169 effe
1358 1133 1486 1170 matri-

43 1186 229 1223 monium.
285 1187 368 1220 Hoc
385 1183 544 1220 amicitia
564 1183 603 1218 in
624 1181 765 1229 priuata
784 1183 859 1218 vita
880 1183 1018 1224 initur,
1046 1185 1118 1219 hoc
1137 1183 1284 1220 foedera
1298 1183 1486 1230 paciscun-

45 1247 104 1272 tur
128 1234 164 1270 in
177 1234 324 1280 publica
335 1232 520 1269 societate.
576 1231 685 1266 Vnde
699 1230 762 1278 qui
778 1242 957 1279 generum
979 1232 1135 1279 quaerit,
1160 1231 1224 1268 fibi
1244 1232 1392 1278 quaerit
1417 1230 1485 1266 im-

45 1283 138 1332 perii
159 1283 430 1320 firmamentum
451 1292 492 1315 ac
515 1279 640 1316 decus.
698 1280 801 1315 Hinc
829 1291 976 1317 veteres
1007 1281 1222 1327 Philosophi
1255 1282 1358 1317 nulla
1379 1282 1425 1317 de
1445 1293 1486 1317 re

44 1331 201 1370 sanetius
220 1330 309 1379 quid
329 1329 648 1377 conscripserunt,
697 1342 806 1377 quam
835 1330 882 1365 de
911 1329 1112 1371 coniugio,
1159 1342 1321 1378 quorum
1351 1342 1488 1366 monu-

42 1394 168 1418 menta
191 1381 369 1430 quaedam
393 1379 599 1416 etiamnum
619 1389 748 1415 extant
766 1379 863 1426 apud
883 1380 993 1415 Arist.
1015 1380 1189 1423 Xenoph.
1219 1389 1258 1415 et
1278 1379 1461 1415 Plutarch.

180 1443 211 1472 1,
225 1443 256 1472 2,
272 1440 302 1475 3.
344 1428 393 1465 Ου’
411 1426 475 1469 ‘nie
492 1434 592 1472 γένεςς
612 1432 756 1473 μακραῖς
776 1431 948 1473 διαδοχαῖς
974 1439 1014 1464 et
1042 1429 1359 1475 c.)·1u1.‹;apit01.
1390 1430 1488 1462 Pro-

31 1480 193 1530 ficifhens
210 1480 262 1515 acl
277 1479 398 1514 bellum
421 1478 825 1524 Gernmnicum,filiam
846 1479 949 1526 suam
986 1490 1053 1513 non
1086 1477 1229 1525 decursu
1259 1478 1371 1513 lufflus
1400 1488 1489 1512 tem·

35 1539 144 1580 pore,
165 1529 374 1577 grandaeuo
392 1527 519 1575 equitis
544 1527 695 1562 Romani.
700 1527 779 1574 filio
799 1527 945 1563 Claudio
967 1528 1172 1575 Pompeiano
1199 1527 1324 1566 dedit,
1350 1538 1485 1575 genere
1532 1536 1537 1545 ¹

37 1578 286 1624 Antiochenfi,
314 1590 374 1612 nec
384 1575 481 1625 satis
502 1576 621 1611 nobili.
668 1577 757 1612 Non
779 1576 880 1625 quod
905 1576 1056 1612 nonille
1076 1575 1180 1623 supra
1198 1578 1332 1623 vulgus
1354 1576 1394 1611 lit
1407 1575 1488 1610 col-

39 1628 242 1667 locandus,
272 1627 311 1662 in
332 1638 410 1673 quo
431 1624 580 1674 generis
607 1624 710 1662 simul
732 1637 771 1662 et
799 1625 951 1662 virtutis
984 1625 1170 1661 conuenit
1199 1624 1399 1665 nobilitas,
1446 1635 1486 1661 et

40 1679 171 1714 eadem
189 1676 272 1714 sede
290 1677 457 1716 locatur,
486 1687 613 1710 verum
635 1675 722 1722 quia
742 1685 804 1710 tot
825 1687 865 1709 ac
885 1675 979 1712 tanti
998 1675 1105 1722 saepe
1127 1673 1308 1711 deficiunt
1339 1674 1382 1709 ab
1415 1672 1490 1709 ori.

42 1727 154 1776 gine,
181 1724 405 1762 amaiorum
427 1723 630 1760 virtutibus
652 1723 876 1770 degeneres,
902 1723 1022 1761 tutius
1044 1724 1326 1772 consultiusque
1343 1721 1488 1770 judica·

43 1788 124 1817 tur,
151 1774 283 1822 primas
309 1773 440 1810 virtuti
462 1773 651 1814 tribuere,
679 1773 811 1809 alteras
838 1774 1015 1810 natalium
1041 1773 1238 1820 splendori.
1285 1775 1408 1820 Qem
1430 1784 1489 1806 or-

41 1824 167 1861 dinem
189 1823 348 1860 seruauit
365 1823 455 1865 ille,
483 1821 653 1872 quisquis
671 1821 809 1865 fuerit,
841 1822 907 1871 qui
925 1821 1063 1871 scriplit
1092 1821 1310 1861 verficulum
1337 1821 1379 1858 in
1408 1822 1488 1858 lau-

43 1872 282 1922 demVlyffis:
821 1897 830 1903 ,

370 1921 504 1969 Ιηεζγῑε
526 1931 647 1970 parua
676 1922 843 1970 praedite
859 1922 1002 1969 forma,

367 1972 518 2008 Nomine
543 1971 696 2013 celebri,
738 1972 838 2007 clm-0
868 1985 909 2007 ue
942 1981 1066 2020 potens

369 2020 538 2061 Ρεέῖονε,
574 2020 723 2055 Achiuis
755 2020 811 2054 cla
837 2022 912 2056 rbus
937 2021 1075 2062 aanor,

369 2069 509 2119 Grauis
534 2069 738 2104 Dardaniis
755 2070 924 2115 gentibus
950 2070 1062 2110 vltor‚

372 2117 579 2155 Laertiade.
1512 2132 1515 2134 ·

176 2166 251 2204 Vbi
285 2166 481 2204 obseruant
514 2178 554 2202 ea
583 2166 704 2214 primo
731 2167 816 2203 loco
847 2165 917 2202 effe
944 2163 1080 2212 polita,
1105 2176 1198 2213 quae
1218 2162 1327 2211 ipsius
1353 2163 1488 2212 Vlyffis

45 2217 163 2255 effent
190 2216 361 2265 propria:
390 2217 429 2252 in
449 2214 585 2264 quibus
606 2214 702 2251 nihil
723 2214 784 2252 libi
805 2215 969 2254 Laertes,
998 2225 1122 2261 neque
1143 2213 1336 2255 Anticlea,
1364 2226 1487 2262 neque

42 2265 205 2304 Acrisius
223 2265 451 2303 vindicaret:
482 2264 593 2310 patris
615 2275 740 2301 autem
761 2277 900 2300 nomen
934 2264 972 2300 in
1006 2264 1178 2300 vltimum
1209 2262 1383 2299 reiectum
1415 2262 1486 2299 effe

42 2317 194 2358 locum,
244 2314 347 2363 quod
392 2315 430 2350 in
475 2313 647 2349 laudibus
685 2312 907 2361 magnorum
954 2312 1120 2350 virorum
1152 2312 1387 2358 -postremum
1426 2312 1484 2347 lo-

43 2376 131 2403 cum
152 2365 298 2414 generis
317 2363 494 2400 nobilitas
520 2373 660 2398 teneat.
738 2365 784 2400 Et
808 2363 891 2399 sane
909 2374 949 2398 ea
971 2362 1134 2409 posteros
1149 2360 1368 2397 limilesnon
1401 2371 1486 2397 tan—

45 2415 95 2452 tis
116 2413 280 2451 cumulat
300 2413 530 2452 honoribus,
555 2411 698 2460 quippe
727 2424 820 2459 quae
849 2412 908 2447 vix
938 2423 980 2446 ac
1007 2423 1056 2446 ne
1087 2410 1147 2447 vix
1175 2410 1326 2458 quidem
1360 2423 1423 2456 per
1449 2408 1488 2446 se

44 2463 188 2501 laudem
210 2473 454 2500 merceantur.
507 2461 644 2509 Neque
667 2473 687 2497 e
706 2461 900 2498 contrario
921 2459 1104 2497 diffimiles
1123 2460 1292 2502 illustrat,
1318 2459 1377 2495 sed
1401 2472 1490 2506 pro-

47 2511 103 2549 dit
121 2512 237 2561 magis
261 2512 457 2560 indignos:
484 2512 671 2548 honorem
691 2523 770 2547 non
792 2521 866 2546 tam
886 2509 1162 2551 accommodat,
1204 2521 1312 2557 quam
1334 2508 1489 2555 quidem

45 2561 226 2598 maculam
250 2561 374 2599 iniicit
395 2571 433 2598 et
454 2559 641 2607 inquinat.
693 2560 857 2596 oraculo
878 2559 940 2594 illa
964 2559 1075 2605 digna
1098 2572 1191 2595 vox:
1223 2558 1489 2606 Optimus-quis-

45 2622 111 2659 que
132 2610 363 2657 nobiliffi’mus.
416 2609 517 2650 Quid
540 2609 640 2645 enirn
660 2609 684 2645 fi
704 2623 746 2646 ex
769 2607 915 2655 optimo
935 2608 1127 2655 peffimus,
1157 2618 1198 2644 vt
1219 2621 1237 2643 e
1258 2608 1348 2642 vino
1379 2606 1486 2653 saepe

46 2670 190 2695 acetum
213 2670 432 2709 generatur,
457 2671 503 2695 an
524 2657 610 2695 ideo
634 2657 899 2706 praeferendus
920 2659 1096 2694 omnibus
1115 2656 1248 2697 bonis,
1274 2655 1360 2704 quia
1383 2666 1487 2702 patre

45 2707 169 2750 bono,
196 2709 271 2755 ipse
289 2709 474 2756 nequam?
501 2720 578 2744 non
598 2707 693 2744 sane.
756 2708 804 2742 Vt
827 2708 917 2742 enim
936 2717 1089 2743 venator
1112 2718 1180 2742 non
1199 2706 1345 2754 quaerit
1362 2730 1372 2746 ‚
1398 2704 1491 2752 quod

47 2757 116 2793 tali
132 2769 217 2794 cane
234 2758 438 2805 natumfit‚
457 2757 526 2807 sed
549 2769 666 2794 canem
679 2771 689 2801 i
721 2767 759 2793 et
786 2768 885 2805 eques
909 2768 1026 2806 equam
1048 2753 1180 2806 ipfiam,
1236 2767 1304 2791 non
1330 2756 1422 2802 quod
1442 2764 1486 2791 ex
