1707 3029
25 1529 29 1535 ·
51 1502 170 1544 Pius.

62 94 100 136 Χ
138 114 141 121 ·
289 118 298 139 )
330 89 403 131 IN
442 87 821 132 HERODIANI
860 85 1254 133 HISTORIAM.

13 207 18 211 ”
100 256 104 259 Α
131 213 229 250 Aur.
247 210 428 255 Antan„
456 202 680 263 eiquibus

189 266 346 306 Anton.
359 266 453 304 Pius
466 266 527 304 Im
536 279 618 320 per.

129 324 183 363 T.
205 323 397 365 Aurelius
415 321 577 361 Fuluus
598 338 619 362 e
641 321 738 362 Gal-

72 379 128 420 lia
155 378 432 435 Transalpina
464 379 738 421 Nemausenfi

72 435 290 478 oriundus.

126 562 180 606 Τ.
205 537 398 603 Aurelius
428 564 480 606 T.
501 563 549 602 F.
573 562 734 604 Fuluus

69 619 164 662 Cor.
205 635 298 660 cum
332 621 436 674 Imp.
481 621 733 665 Domitiano

2 687 9 692 “’
65 677 144 720 Xl.
176 683 222 717 A.
241 678 294 720 V.
315 687 412 726 837.
449 698 507 709 —-
556 678 650 718 Cos.
673 679 732 718 ΙΙ.

66 749 160 786 oum
187 741 234 774 A.
260 735 510 788 Sompronio
546 737 732 776 Atratino

10 822 15 838 ,
63 798 112 834 A.
124 793 173 831 V.
196 791 298 842 841.
352 793 451 831 Fuit
473 793 595 832 etiam
611 794 732 832 Prae-

60 850 199 888 fectus
220 849 360 899 Vrbis,
392 849 521 890 homo
543 849 666 890 tristis
690 861 731 890 et

61 920 199 962 aeger.

61 1085 65 1087 μ
118 1033 171 1071 Τ.
200 1029 339 1073 Aurel.
369 1033 531 1072 Fuluus
567 1032 727 1074 Consu.

58 1087 172 1139 laris,
189 1091 308 1130 cuius
322 1105 430 1131 vxor
449 1092 533 1130 fuit
560 1115 575 1124 -
637 1115 652 1123 -
711 1115 726 1123 -

116 1216 168 1256 T.
199 1214 393 1256 Aurelius
423 1218 473 1256 T.
502 1213 550 1259 F.
581 1218 632 1255 T.
664 1216 721 1260 N,

55 1274 234 1327 Fuluius
263 1274 495 1320 Boionius,
552 1272 723 1327 adopta-

56 1342 124 1371 tus
146 1331 196 1370 ab
209 1330 328 1371 Aelio
341 1329 522 1369 Adriano
541 1331 648 1384 Imp.
661 1331 722 1370 di-

56 1400 147 1428 ctus
177 1402 258 1442 que
288 1387 394 1441 Imp.
427 1386 544 1427 Caes.
571 1390 622 1431 Τ,
643 1394 721 1428 Ae-

53 1445 135 1485 lius
146 1445 350 1485 Adrianus
363 1445 599 1484 Antoninus
609 1451 717 1502 Aug.

111 1569 229 1613 onr
257 1567 393 1610 Annia
416 1570 583 1610 Galeria
612 1570 718 1611 Fau-

51 1626 155 1669 stina
175 1627 368 1684 Augusta,
400 1629 527 1669 Annii
551 1630 650 1668 Veri
673 1629 718 1668 fi.

49 1687 107 1726 lia
121 1716 132 1733 ‚
167 1687 290 1725 amita
312 1686 378 1724 M.
410 1686 572 1726 Aurelii
592 1692 718 1727 Anto-

48 1745 142 1784 nini
163 1742 429 1798 Philosophi.
496 1743 611 1785 ‘Vide
634 1750 715 1784 An-

20 1803 38 1857 'J
49 1802 146 1843 nios
173 1801 319 1841 Veros.

16 1961 27 2099 ξ
78 1945 82 1949 ,

270 1970 376 2012 Eius
396 1971 474 2011 filii
503 1983 544 2013 et
567 1972 690 2012 filiae.

65 2061 291 2088 s-——-

1403 104 1498 146 207

989 208 1101 248 Arrii
1121 209 1342 249 Antonini.

890 269 943 310 T.
963 268 1103 306 Arrius
1126 269 1361 306 Antoninus
1399 269 1496 310 Cos.

831 340 924 364 cum
948 324 994 366 P.
1024 324 1165 363 Nlario
1199 324 1323 364 Celso
1351 325 1407 364 ΙΙ.
1443 342 1497 366 ex

828 382 924 421 Hal.
947 380 1047 434 Iulii
1069 387 1114 420 A.
1135 383 1186 422 V.
1207 391 1303 430 821.

889 442 939 478 T.
962 440 1107 478 Arrius
1126 441 1177 478 T.
1190 441 1238 479 F.
1257 437 1496 481 Antoninus

831 497 926 537 Cos.
941 512 1032 535 cum
1046 496 1253 536 T.Flauio
1267 497 1423 538 Sabino
1436 500 1491 538 II.

827 560 875 594 A.
901 555 950 596 V.
971 563 1066 605 348.
1107 555 1173 593 vir
1198 553 1334 593 bonus
1360 565 1401 594 et
1420 557 1494 610 qui

826 612 1011 651 Neruam
1031 610 1245 651 miseratus
1260 612 1359 659 fuit,
1378 613 1495 667 quod

825 669 1029 722 imperare
1051 668 1264 723 coepiffet.
1325 670 1494 724 Scripsit

826 728 1123 781 epigrammata
1145 737 1288 780 arguta
1311 737 1352 766 et
1365 727 1494 767 Grae·

824 798 883 825 ca.
936 783 1044 822 Plin.
1068 783 1333 837 epistolarum
1355 795 1394 836 4.
1434 807 1493 817 —-

823 838 941 880 onr
964 838 1131 880 Bouina
1161 839 1353 881 Procilla.
1375 844 1378 846 ’

880 966 995 1005 Arria
1018 941 1197 1013 Fadilla,
1217 977 1326 1020 quae
1344 964 1489 1007 secun·
1526 968 1527 972 ’

821 1019 920 1061 dum
942 1025 1079 1077 nupsit
1092 1023 1202 1062 Iulio
1212 1025 1358 1078 Lupo,
1376 1026 1489 1065 Con-

816 1079 944 1119 sulari
967 1082 1076 1129 viro,
1129 1095 1182 1148 ax
1199 1095 1286 1135 quo
1307 1091 1404 1121 nata
1431 1081 1488 1122 est

872 1201 995 1244 Iunia
1025 1203 1208 1251 Fadilla,
1258 1215 1391 1260 nupta
1433 1209 1485 1246 Τ.

815 1258 1021 1302 Numidio

816 1320 1000 1374 grauiter
1019 1319 1261 1375 persecutus
1274 1318 1329 1360 est
1341 1320 1485 1360 Adria·

814 1391 908 1416 nus.
1076 1392 1079 1393 ⁷

871 1503 923 1541 Τ.
964 1502 1192 1542 Numidius
1243 1501 1481 1557 Quadratus

814 1559 910 1601 Cos.
944 1575 1037 1605 cnm
1068 1560 1122 1599 L.
1144 1565 1242 1599 Am>-
1265 1561 1378 1600 Vero
1398 1561 1482 1602 III.

809 1622 858 1659 A.
882 1617 933 1659 V.
960 1633 1055 1671 919.
1096 1640 1152 1648 —-
1191 1617 1309 1657 onr
1340 1618 1480 1656 Annia

811 1675 1063 1719 cornificia,
1123 1674 1239 1714 soror
1279 1675 1345 1713 M.
1378 1679 1478 1718 Aur.

807 1732 1015 1771 Antonini
1034 1731 1301 1786 Philosophi.

781 1891 786 1895 .
862 1854 1091 1898 Numidius
1123 1857 1387 1912 QuadratuS‚
1420 1858 1474 1899 ob

806 1915 1140 1955 coniurationem
1210 1915 1369 1955 occisus
1452 1929 1476 1954 a

806 1972 1059 2014 Commodo.

1063 1262 1306 1316 Quadrato,
1359 1279 1485 1318 quem
1544 1264 1548 1267 ’

16 2102 26 2155 ¹¹.
39 2117 98 2157 Τ.
109 2116 305 2157 Aurelius
319 2116 569 2169 Antoninus.
593 2117 654 2156 .T.
667 2122 760 2156 Aur.
842 2116 1038 2156 Paul'tina
1191 2110 1386 2157 Faustina
1502 2128 1510 2135 ’

15 2174 25 2206 Γ
102 2173 291 2214 Fuluius.
353 2173 486 2214 Ambo
501 2176 653 2216 mortui
665 2185 761 2215 ante
842 2173 988 2213 Maior
1005 2203 1015 2220 ,
1048 2188 1121 2211 nu·
1192 2173 1354 2220 Minor,
1364 2188 1469 2215 vxor

26 2239 31 2259 '··
55 2241 60 2244 '
103 2233 232 2287 patris
253 2232 496 2287 Imperium.
841 2241 914 2285 pta
943 2231 1118 2270 Lamiae
1190 2231 1258 2269 ΪΜ.
1324 2232 1468 2272 Aurel.

13 2250 38 2344 ἐ
845 2287 1017 2327 Sillano.
1190 2285 1345 2330 Philus,
1358 2290 1465 2344 Imp.

1188 2344 1301 2385 Vide
1331 2346 1406 2386 ibi.
1425 2377 1431 2379 >

1035 2715 1069 2755 O
