1707 3029
155 187 158 190 ,
190 153 287 201 204

186 267 240 365 g.
270 275 370 371 ΞΞΞ.
407 322 452 361 in
477 322 559 361 hoc
582 335 662 361 vno
690 319 1084 373 reprehendendus,
1137 320 1250 374 quod
1282 321 1598 361 mansuetudine
1662 325 1664 330 '

185 605 236 707 ςκ-

185 1289 222 1391 0<

186 2580 235 2646 d

228 638 237 647 ·
270 617 367 662 987.

268 676 364 717 234.

225 1321 235 1331 .
267 1300 364 1347 988.

225 1380 238 1394 .
269 1358 364 1398 235.

659 119 1136 189 CHRONOLOGht

458 263 695 303 Alexander
715 262 962 301 salutaribus
982 263 1144 318 legibus
1158 260 1384 315 Rempubl,
1397 262 1597 313 instituit,

405 380 533 418 nimia
558 388 600 417 et
621 377 857 416 reuerentia
877 379 1055 426 maiore,
1087 391 1209 431 quam
1230 380 1441 431 oportuit,
1472 379 1599 418 etiam

406 447 548 477 eontra
568 435 694 474 animi
718 432 780 471 sui
802 433 1049 473 sententiam
1067 434 1190 474 matri
1217 434 1526 489 obsequeretur.

463 495 684 533 Caeterum
705 491 967 530 incruentum
990 492 1107 545 geffit
1129 493 1369 546 Imperium,
1404 503 1447 531 et
1467 492 1598 532 nemi·

405 565 501 590 nem
523 549 806 588 indemnatum
829 548 962 587 occidi
986 548 1122 601 paffus
1143 548 1211 587 est.

461 606 669 646 Tredecin
694 606 773 643 iam
810 619 940 644 annos
965 605 1270 658 imperauerat,
1305 618 1398 645 cum
1427 606 1598 645 affertur

402 665 581 704 nuncius
607 662 658 701 de
683 663 943 708 Artaxerxis,
986 662 1201 700 Persarum
1223 663 1372 718 Regis,
1413 663 1597 702 molitio·

402 721 550 766 nibus,
591 720 664 774 qui
685 719 918 767 Artabano,
960 718 1208 758 Parthorum
1231 721 1375 773 Rege,
1424 721 1599 759 interfe-
1651 747 1655 751 —

402 789 490 824 cta,
529 791 658 832 regno
681 791 760 830 que
781 776 911 815 Persis
931 774 1141 824 restituto,
1173 777 1404 816 Romanam
1428 791 1598 831 quoque

399 835 634 891 'potentiam
655 830 888 873 lacessebat.

458 889 609 946 Itaque
625 887 886 939 Alexander,
919 900 1076 930 tentata
1100 889 1278 944 primum
1301 906 1375 944 per
1391 889 1532 930 literas
1555 899 1598 930 et

400 949 561 1004 legatos
588 962 714 1002 pace,
756 947 921 987 demum
950 948 1215 988 Antiochiam
1246 949 1482 1001 profectus,
1526 949 1600 986 tri·

400 1007 602 1062 pertitam
625 1006 851 1045 exercitum
873 1016 1014 1044 contra
1035 1004 1169 1053 hostes
1194 1005 1402 1044 immittit:
1429 1005 1516 1051 sed,
1540 1003 1598 1043 al·

401 1074 490 1104 tera
513 1077 662 1109 manu,
694 1077 800 1117 quae
822 1061 987 1102 Parthis
1007 1054 1276 1109 imminebat,
1307 1062 1598 1101 internecione

401 1117 556 1169 deleta,
588 1119 760 1174 reliquis
782 1122 894 1159 varia
920 1118 1151 1158 calamitate
1173 1120 1421 1167 imminutis,
1453 1119 1598 1158 Antio·

402 1177 539 1217 chiam
559 1178 804 1224 reuertitur,
847 1176 977 1216 Persis
1010 1188 1208 1232 quoque,
1248 1175 1477 1215 victoribus
1505 1177 1598 1230 qui·

403 1233 498 1274 dem
514 1264 525 1282 ,
552 1233 623 1273 fed
646 1233 822 1280 attritis,
864 1233 1031 1272 domum
1059 1232 1343 1272 redeuntibus

457 1292 574 1332 Inter
608 1290 712 1330 haec
739 1291 917 1328 nuncius
948 1289 1134 1329 adfertur
1166 1289 1217 1329 de
1243 1289 1476 1330 incursione
1497 1289 1597 1329 Ger-

402 1351 617 1388 manorum
649 1348 694 1386 in
718 1345 941 1399 Illyricum.
1004 1348 1144 1400 Ergo,
1186 1346 1342 1385 relictis
1370 1346 1420 1385 ad
1446 1347 1597 1386 Orien-

352 1452 354 1454 v
402 1418 487 1446 tem
508 1404 741 1460 praesidiis,
772 1405 815 1442 in
839 1403 1104 1442 Germaniam
1128 1413 1365 1457 peruectus,
1397 1397 1597 1443 Rhenum

271 2555 365 2601 9⁰9·

271 2605 365 2652 236.

402 1473 534 1519 ponte
570 1462 731 1517 iungit,
790 1461 1010 1499 Germanis
1041 1474 1124 1514 que
1165 1460 1341 1499 Mauros
1374 1471 1415 1499 et
1446 1459 1598 1498 Orien·

401 1514 509 1561 tales
531 1519 763 1574 sagittarios
789 1517 991 1571 opponit;
1039 1531 1114 1570 per
1148 1530 1253 1570 quos
1283 1530 1375 1555 cum
1399 1516 1599 1571 ambigue

401 1591 468 1617 res
487 1587 716 1633 gereretur:
750 1588 893 1629 pacem
918 1574 969 1623 ab
989 1572 1176 1613 hostibus
1199 1587 1335 1613 emere
1354 1583 1502 1621 tentat,
1534 1574 1597 1610 in·-

402 1634 601 1689 dignante
624 1633 824 1672 exercitu.

460 1692 633 1731 Interim
665 1690 929 1728 NIaximinus
961 1682 1129 1735 Thrax,
1177 1686 1396 1740 Tyronum
1428 1687 1596 1726 Praefe—

403 1759 517 1795 ctus,
549 1750 657 1787 votis
681 1746 858 1785 militum
880 1747 1109 1799 Imperator
1130 1744 1401 1792 acclamatur,
1433 1743 1596 1783 eductis
1622 1754 1631 1762 ⁶

404 1820 486 1861 que
516 1804 712 1845 aduersus
740 1801 1021 1842 Alexandrum
1041 1802 1303 1854 Tyrouibus,
1347 1810 1390 1840 et
1418 1802 1595 1841 caeteris

405 1877 575 1917 quoque
624 1861 829 1900 militibus
879 1858 930 1898 ad
978 1858 1070 1898 suas
1108 1868 1245 1913 partes
1285 1857 1594 1906 accedentibus,

402 1920 687 1959 Alexandrum
710 1932 791 1956 vna
812 1931 903 1956 cum
932 1928 1060 1955 matre
1090 1915 1327 1955 obtruncari
1349 1915 1476 1954 iubet.

461 1976 689 2032 Imperauit
706 1973 967 2022 Alexander,
1004 1975 1120 2012 iuxta
1150 1985 1409 2012 communem
1431 1971 1596 2012 senten-

402 2035 503 2074 tiam
520 2064 530 2082 ,
562 2049 628 2077 an,
654 2042 717 2080 13.
738 2032 775 2071 d.
801 2047 839 2085 9.
890 2032 1051 2070 Tamen
1082 2030 1350 2069 Herodianus
1384 2037 1434 2080 14
1462 2043 1595 2068 annos

404 2093 444 2132 ei
466 2092 627 2131 tribuit.
962 2116 965 2119 >

461 2149 683 2190 Caeterum
695 2142 962 2186 Maximinus
984 2145 1108 2185 initio
1120 2143 1252 2184 statim
1264 2139 1437 2198 Imperii
1454 2139 1595 2182 omnia

403 2206 452 2245 ad
476 2206 739 2260 tyrannidem
765 2203 905 2246 vertit.

459 2263 679 2303 Germanis
714 2274 866 2316 magno
900 2260 1085 2300 exercitu
1115 2253 1272 2298 bellum
1308 2252 1472 2301 intulit,
1520 2270 1594 2296 eos
1652 2296 1654 2302 ,

403 2335 485 2375 que
521 2331 665 2374 magna
696 2320 739 2358 vi
767 2318 963 2364 adortus,
1012 2315 1202 2369 quamuis
1230 2315 1336 2352 intra
1357 2312 1529 2367 paludes
1552 2323 1597 2353 et

404 2377 542 2429 [yluas
564 2375 881 2421 delitescentes,
916 2371 1168 2427 profligauit.
1229 2369 1332 2410 Inde
1364 2371 1408 2408 in
1429 2370 1594 2409 Panno-

401 2436 514 2472 niam
537 2431 750 2480 reuersus,
785 2431 926 2470 Sirmii
948 2428 1186 2481 hyemauit,
1227 2425 1315 2465 dire
1338 2425 1498 2466 interea
1519 2441 1594 2481 per

401 2490 495 2529 suos
521 2491 758 2530 Praefectos
782 2498 869 2526 tum
892 2488 935 2525 in
956 2484 1084 2531 Vrbe,
1114 2494 1201 2522 tum
1221 2483 1347 2531 alibi,
1378 2483 1592 2535 grassatus.

460 2547 599 2600 Quare
631 2545 823 2585 alienatis
851 2556 872 2583 a
905 2542 1146 2582 Maximino
1174 2541 1359 2580 omnium
1389 2541 1592 2586 Gentium

405 2605 578 2651 animis,
618 2603 710 2641 Afri
738 2602 915 2656 primum
944 2597 1173 2638 rebellandi
1208 2597 1459 2637 occasionem
1494 2597 1592 2636 arri—

403 2660 548 2714 piunt.
599 2659 734 2699 occiso
755 2671 835 2712 que
856 2657 1127 2696 Procuratore
1152 2653 1446 2708 Carthaginis,
1487 2655 1592 2694 Gor-

406 2716 599 2766 dianum,
640 2717 805 2755 Africae
838 2720 1053 2762 Procons.‚
1100 2712 1396 2766 Imperatorem
1435 2722 1587 2752 cre-ant.
