1707 3029
516 68 1045 124 LtBER111,
1419 81 1486 127 59

54 183 303 234 sanguinitate
334 181 586 231 propinquus:
618 178 660 215 vt
679 192 768 216 vero
793 178 853 216 alii
885 178 1088 223 affirmant,
1116 181 1207 217 flore
1225 179 1340 229 magis
1358 181 1490 218 aetatis

54 248 123 284 per
150 233 313 280 stuprum
343 231 573 267 conciliatus.
624 231 738 265 Hunc
768 239 892 265 autem
911 232 1071 266 Seuerus
1088 242 1133 266 ex
1156 241 1264 278 parua
1282 228 1490 276 humilique
1510 227 1556 253 ¹²

54 284 205 321 fortuna
224 282 268 317 ad
289 293 378 327 opes
402 279 573 315 maximas
605 288 843 326 prouexerat:
870 289 911 314 ac
930 278 1186 315 damnatorum
1213 279 1322 315 bonis
1341 278 1491 314 adiudi-

56 332 160 373 eatis,
185 332 300 378 longe
324 329 427 376 supra
459 339 621 364 caeteros
649 329 1024 374 collocupletauerat,
1047 337 1196 364 tantum
1223 339 1302 364 non
1333 326 1491 375 imperio

55 391 210 430 quoque
245 379 476 426 participato.
554 376 649 418 Quis
677 377 740 413 ille
767 375 900 423 opibus
927 375 1156 425 licentiaque
1184 376 1362 418 abutens,
1397 376 1492 413 nihil
1512 372 1557 414 ¹3

32 424 289 466 *crudelitatis
316 439 378 463 aut
405 426 627 467 violentiae,
668 438 709 462 vt
739 427 904 474 quidque
933 435 1080 473 ageret,
1103 426 1325 465 omittebat,
1352 424 1495 468 cunetis

56 479 170 516 etiam
189 477 353 514 atrocior
371 475 540 512 omnium
568 484 730 512 aetatum
750 473 987 522 principibus.
1037 474 1135 522 Ergo
1162 474 1272 511 huius
1297 472 1410 511 filiam
1430 475 1496 510 Se·
1513 474 1559 509 ¹4

57 540 168 564 verus
197 539 350 563 vxorem
379 524 458 562 filio
485 523 549 560 suo
583 524 757 566 tradidit,
783 533 818 560 et
844 525 943 559 illam
958 522 1148 568 familiam
1174 525 1189 570 (
1192 522 1293 572 suae)
1321 525 1497 560 coaduna-

57 577 127 612 vit.
182 575 386 611 Enimuero
417 574 634 610 Antoninus
667 572 767 620 ipse,
794 584 920 620 parum
950 574 1068 610 laetus
1096 585 1141 609 eo
1169 572 1431 614 matrimonio,
1456 582 1499 608 ac

59 626 272 662 necessitate
291 626 404 671 tnagis
427 635 534 671 quam
552 624 749 660 voluntate
770 624 808 668 n)
829 622 1016 668 impulsus,
1045 624 1207 670 puellam
1226 621 1337 669 ipsam
1360 621 1500 669 pariter

61 685 101 710 et
130 673 275 721 puellae
311 685 500 720 parentem
530 671 678 718 peffime
707 674 853 711 oderat,
880 670 927 707 iic
953 683 992 708 vt
1018 683 1068 707 ne
1081 671 1235 709 thorum
1261 669 1413 718 quidem
1444 671 1498 706 la·
1519 669 1565 706 ‘5

61 735 216 769 remque
236 733 321 758 cum
350 733 391 758 ea
412 733 651 758 communem
671 733 879 768 pateretur:
905 722 1074 768 adeoque
1092 721 1336 760 auersabatur‚
1367 730 1409 756 vt
1431 718 1503 755 mi-

61 783 212 809 naretur
243 770 416 818 quotidie
436 769 640 807 occisurum
663 771 777 818 ipsam
807 780 1037 817 patremque,
1064 768 1284 817 simulatque
1303 768 1505 816 imperium

60 821 160 858 solus
191 818 422 856 obtinuisset.
484 821 596 865 Qud
625 833 738 868 quum
766 820 826 857 illa
859 819 1065 855 identidem
1091 818 1136 854 ad
1166 829 1308 866 patrem
1336 816 1504 859 referret,
1524 812 1570 847 ΞΕ

60 869 240 926 fin-iulque
260 878 494 919 quantopere
517 868 617 908 foret
636 870 755 909 inuisa
781 867 1031 917 patefeciffet,
1055 879 1282 918 magnopere
1309 866 1504 906 hominem

59 930 236 957 1rtttauit.

750 1039 814 1076 XL

64 1091 192 1158 Igitur
218 1102 429 1140 Plautianus
452 1103 577 1141 senem
597 1102 669 1139 iam
688 1103 866 1140 Seuerum
891 1103 1006 1151 ipsum
1028 1112 1198 1143 cernens,
1223 1114 1265 1138 ac
1283 1101 1415 1138 morbo
1433 1099 1509 1137 sae·
1528 1126 1531 1127 γ

120 1165 166 1199 pe
189 1151 433 1195 laborantem,
457 1164 586 1190 contra
612 1165 702 1188 vero
720 1153 960 1188 Antoninum
987 1151 1153 1188 ferocem
1181 1150 1364 1198 imprimis
1393 1149 1509 1186 auda-

68 1213 226 1248 cemque
247 1201 446 1243 iuuenem,
468 1201 625 1248 pauidus
653 1203 702 1237 ob
730 1199 832 1240 illius
858 1201 997 1241 minas,
1022 1203 1057 1244 ο)
1085 1199 1251 1237 decreuit
1279 1199 1422 1236 facinus
1451 1196 1509 1233 in-

69 1252 202 1287 vadere
230 1249 399 1298 aliquod,
429 1252 637 1298 priusquam
665 1249 745 1297 ipse
771 1251 1061 1298 opprimeretur.
1109 1249 1294 1285 Suberant
1320 1258 1507 1295 praeterea
1526 1255 1551 1281 2

67 1299 197 1341 multa,
226 1310 320 1346 quae
346 1299 539 1336 hominem
569 1300 613 1336 ad
644 1298 789 1346 imperii
818 1299 1061 1345 cupiditatem
1083 1297 1376 1337 inflammarent:
1420 1306 1510 1343 opes

69 1358 223 1396 quantas
260 1360 374 1384 nemo
404 1358 509 1385 antea
541 1349 705 1396 priuatus
733 1348 956 1397 possederat:
984 1347 1148 1383 militum
1178 1357 1361 1394 praeterea
1381 1344 1513 1382 obedi·

69 1397 184 1438 entia,
211 1408 250 1433 et
271 1397 369 1443 apud
396 1410 527 1434 omnes
558 1399 744 1434 Romanae
774 1397 928 1435 ditionis
955 1396 1127 1433 homines
1155 1395 1304 1432 maximi
1332 1396 1512 1431 honores.

70 1446 116 1484 ad
137 1447 227 1481 haec
247 1446 393 1482 habitus
424 1460 502 1494 quo
521 1447 563 1483 in
583 1447 774 1494 publicum
803 1447 995 1494 prodibat:
1022 1445 1201 1493 siquidem
1223 1446 1338 1481 latum
1361 1445 1550 1487 clauum-3

69 1506 249 1544 perpetuo
266 1495 436 1539 habebat,
464 1508 573 1541 atque
595 1497 634 1532 in
656 1496 828 1533 secundis
855 1495 1110 1533 consularibus
1139 1494 1411 1531 numerabatur.
1437 1493 1511 1529 En·
1528 1501 1552 1535 4

71 1545 149 1583 sem
178 1556 365 1592 praeterea
377 1544 573 1594 fitspenficm
591 1545 769 1593 gestabat,
797 1546 837 1594 p)
855 1556 1071 1593 caeteraque
1093 1543 1218 1580 omnia
1244 1542 1436 1589 supremae
1456 1541 1513 1578 di·
1545 1560 1547 1564 v

72 1594 224 1644 gnitatis
251 1591 429 1641 infignia:
457 1596 563 1637 adeo,
589 1606 809 1643 quacunque
830 1595 1042 1636 incederet,
1068 1605 1152 1630 trux
1178 1603 1288 1641 atque
1307 1591 1512 1633 horribilis,

71 1655 114 1686 vt
133 1644 349 1685 nonmodo
374 1656 451 1680 non
482 1643 643 1680 adiretur
664 1657 682 1680 a
702 1656 904 1692 quoquam,
931 1644 993 1680 sed
1012 1643 1146 1684 etiam,
1168 1641 1232 1690 qui
1261 1641 1424 1678 fortuito
1447 1651 1512 1676 oc·

72 1693 337 1733 currebant,ab
352 1705 396 1729 eo
416 1705 626 1730 auerterent
636 1695 778 1730 ocuio‘s.
806 1694 911 1740 Qin
932 1692 1238 1729 anteambulones
1249 1690 1405 1739 aliquot,
1418 1700 1511 1738 qua·
1531 1696 1554 1732 ς

71 1754 225 1790 cunque
252 1741 324 1777 iter
348 1742 511 1783 faceret,
546 1742 830 1784 denuntiabant,
858 1755 907 1779 ne
934 1740 1016 1790 quis
1046 1741 1085 1778 in
1108 1740 1278 1788 proximo
1306 1737 1514 1780 consistere,

75 1805 174 1829 neue
203 1791 306 1827 illum
337 1792 510 1828 contueri
539 1795 710 1834 auderet,
736 1793 800 1829 sed
827 1803 1041 1829 auerterent
1071 1788 1228 1827 vniuerfi
1258 1790 1412 1830 oculos,
1437 1800 1514 1824 ter-

74 1853 228 1887 ramque
255 1839 519 1887 despestarent.
571 1842 609 1890 q)
630 1842 734 1887 Qae
761 1854 875 1890 quum
905 1838 1133 1890 cognouiffet
1158 1841 1340 1881 Seuerus,
1363 1850 1412 1873 ne
1437 1835 1514 1885 ipse
1532 1831 1556 1865 6
1610 1842 1613 1844 “

75 1890 229 1937 quidem
266 1890 412 1937 prorsus
447 1890 556 1937 aequi
585 1892 675 1927 boni
706 1891 849 1933 facere,
883 1892 944 1928 sed
974 1887 1163 1926 molestius
1191 1888 1262 1924 iam
1294 1886 1517 1935 grauiusque

76 1941 199 1978 ferre:
227 1937 274 1974 fic
303 1949 343 1974 vt
361 1940 538 1975 nonnihil
566 1939 677 1976 etiam
699 1941 745 1976 de
774 1939 873 1977 illius
891 1939 1092 1977 autoritate
1112 1937 1332 1978 detraheret,
1359 1948 1401 1972 ac
1429 1947 1516 1983 per-

76 1989 229 2026 suadere
258 1988 403 2024 homini
429 2001 637 2032 conaretur,
662 1989 804 2036 aliquid
825 1989 898 2025 iam
927 2002 948 2026 e
966 1999 1067 2025 tanta
1095 1986 1157 2022 illa
1174 1985 1370 2022 insolentia
1392 1982 1517 2021 immi-

78 2046 225 2073 nueret.
293 2038 463 2082 Qotum
495 2037 694 2084 impatiens
724 2037 958 2079 Plautianus,
994 2049 1075 2073 non
1105 2035 1300 2071 dubitauit·
1318 2034 1559 2082 imperium?

78 2084 196 2133 ipsum
225 2097 402 2131 appetere
421 2085 580 2126 insidiis;
607 2087 782 2133 quocirca
807 2087 891 2121 talia
909 2087 1085 2134 quaedam
1109 2084 1350 2119 machinatur.
1402 2083 1439 2126 r)
1458 2083 1517 2118 Sa·
1536 2084 1559 2118 8

80 2132 258 2172 turninus
270 2145 346 2170 erat
369 2134 518 2182 quidam
538 2133 720 2177 tribunus,
747 2134 813 2182 qui
824 2135 1059 2171 Plautianum
1079 2132 1260 2179 imprimis
1279 2131 1520 2169 obseruabat:

80 2195 121 2222 et
140 2195 255 2232 quum
281 2181 448 2221 facerent
465 2184 565 2220 idem
594 2196 738 2227 omnes,
765 2190 860 2220 vnus
880 2194 1007 2221 tamen
1036 2173 1103 2219 ille
1122 2181 1263 2219 maiore
1285 2180 1441 2230 quadam
1459 2193 1525 2218 ve-

130 2302 174 2345 n)
202 2298 346 2348 puellae
363 2299 522 2339 inustus,
550 2300 584 2335 ei
604 2299 684 2335 eius
708 2312 782 2348 que
831 2309 965 2341 tur‚ne
981 2298 1058 2347 ipse
1075 2298 1228 2348 quidem
1248 2299 1447 2345 probabat;
1463 2296 1527 2335 sed

82 2348 227 2399 parenti
244 2347 350 2384 valde
369 2349 540 2386 infensus
558 2360 645 2387 etat.
666 2350 784 2397 Steph.
831 2348 982 2386 odiosus
1007 2349 1078 2385 iam
1107 2359 1146 2384 et
1164 2347 1281 2397 grauis
1303 2347 1357 2385 illi
1375 2358 1528 2395 quoque

127 2402 173 2444 o)
199 2398 387 2440 decreuit,
412 2399 687 2445 praeueniendo
718 2398 783 2433 ali-
830 2398 899 2434 ess'e
936 2399 1065 2446 coepit
1092 2397 1329 2441 Plautianus,
1362 2396 1455 2433 adeo
1487 2408 1530 2435 vt

83 2448 177 2495 quid
209 2459 351 2494 patrare
381 2448 528 2496 potiuS,
554 2460 664 2495 quam
691 2460 781 2485 cun·
829 2461 910 2485 non
935 2446 1013 2484 nih.
1039 2448 1157 2495 Steph.

86 2496 219 2534 &ando
239 2496 380 2543 aliquid
401 2498 487 2544 pati.
513 2498 633 2547 Steph.
877 2500 917 2544 r)
937 2495 1160 2533 Saturninus
1182 2506 1259 2533 erat
1269 2508 1364 2534 vnus
1382 2506 1528 2539 eorum,

91 2564 94 2566 v
130 2551 170 2595 p)
205 2546 325 2582 omnis
361 2558 434 2593 que
462 2546 652 2595 dignitatis
679 2544 782 2584 habi·
832 2558 927 2594 quos
967 2545 1032 2583 sub
1064 2546 1100 2582 se
1143 2545 1313 2583 tribunos
1348 2545 1527 2581 habebat:

87 2606 171 2633 tum
201 2594 357 2643 gestabat
375 2595 484 2632 solus.
508 2597 647 2632 Memm.
833 2595 895 2632 hic
913 2595 1148 2632 Plautianum
1172 2594 1309 2634 summa
1326 2594 1530 2633 obseruan-

89 2669 91 2671 -
133 2646 279 2694 q3Q1ae
289 2656 407 2694 quum
418 2647 555 2685 Seuero
565 2645 780 2685 nunciaren·
832 2645 884 2684 tia
903 2639 1060 2684 colebat.
1081 2645 1199 2695 Steph-
