1707 3029
488 130 786 180 LIBER
862 129 979 181 vm.

1370 141 1466 185 125

41 263 129 292 eum
146 248 310 289 exercitu
331 248 478 298 reliquo
496 248 741 290 accelerabat,
768 246 914 294 sperans
933 246 1040 283 nullo
1065 243 1220 294 negotio
1241 242 1277 282 se
1301 242 1400 281 illius
1419 255 1475 280 vr.

42 303 102 340 bis
117 301 334 350 potiturum.
384 299 456 335 Sed
473 297 643 346 Aquileia
663 298 698 344 b)
718 297 816 344 prius
843 308 995 344 quoque
1029 297 1088 341 (vt
1117 306 1193 330 erat
1222 294 1352 342 ingens
1376 293 1475 330 vrbis
1492 292 1513 326 6

39 351 121 389 eius
141 348 376 399 magnitudo)
399 347 540 394 populo
560 346 785 383 abundabat:
817 358 856 383 et
880 347 983 382 velut
997 344 1119 382 ltaliae
1138 343 1325 391 quoddam
1344 355 1473 390 empo-

39 401 138 437 rium
156 401 191 447 c)
216 398 261 434 ad
282 410 380 441 mare
398 396 484 438 fita,
509 394 682 443 quasique
709 395 893 432 terminus
925 394 1085 442 illyriae,
1125 393 1269 440 copiam
1305 404 1425 429 rerum
1453 403 1474 427 e

41 447 258 486 continenti
281 459 344 494 per
365 457 497 483 terram
520 444 732 492 fluuiosque
754 443 964 481 conuestam
984 442 1247 491 nauigantibus
1267 442 1475 478 mercatori-

38 500 102 536 bus
120 497 359 545 suggerebat:
387 506 424 530 et
443 495 486 530 ab
506 494 587 541 ipso
608 493 695 529 mari
715 506 773 529 res
790 495 834 530 ad
862 493 964 529 vsum
995 503 1123 529 eorum
1137 518 1147 533 ,
1184 491 1247 538 qui
1269 490 1471 528 continen-
1490 496 1515 530 7

39 547 116 585 tem
169 546 303 582 colunt
332 543 563 584 necessarias,
594 542 768 579 videlicet
798 540 1172 590 superioribus'terris
1202 551 1356 588 propter
1385 541 1475 588 hye-

40 596 111 633 mis
132 594 360 642 asperitatem
383 595 503 628 minus
524 592 726 629 feracibus:
764 592 920 628 maxime
950 603 1073 627 tamen
1101 592 1253 631 vinum,
1299 589 1404 625 cuius
1432 589 1473 626 in
1493 592 1512 625 8

40 645 116 693 ipsa
131 644 292 691 regione
313 642 489 678 maximus
513 652 714 689 prouentus
735 641 806 683 est,
833 641 964 677 vicinis
989 640 1160 687 gentibus
1181 652 1228 675 ne
1256 639 1372 675 vitem
1395 639 1476 687 qui-

41 695 127 732 dem
144 692 367 729 habentibus
383 717 394 731 ‚
438 689 576 728 affatim
607 689 875 745 suppeditabat.

952 691 1001 725 Ex
1020 702 1094 737 quo
1118 689 1268 730 facium,
1292 689 1345 724 vti
1371 687 1478 735 super
1497 692 1518 728 9

39 742 179 780 ciuium
204 741 393 788 ingentem
414 753 635 782 numerum,
661 751 770 777 etiam
795 751 924 787 magna
943 739 998 774 vis
1025 738 1211 785 hospitum
1230 750 1270 772 ac
1298 748 1477 775 mercato·

39 805 123 830 rum
144 803 221 828 eam
240 791 366 826 vrbem
388 789 657 835 frequentaret.

709 787 911 825 Enimuero
932 800 1023 825 tunc
1040 789 1150 824 etiam
1179 787 1278 823 aufta
1306 788 1477 824 multitu·
1497 791 1544 817 10

43 842 116 882 do,
144 838 421 876 confluentibus
443 839 532 874 illuc
549 851 594 875 ex
616 837 710 887 agris
729 840 945 886 quicunque
964 836 1155 885 oppidulis
1186 837 1354 884 vicisque
1382 837 1476 873 circa

41 888 242 933 feliciis-d}
266 887 428 925 fidebant
447 888 544 924 vrbis
561 887 833 935 magnitudini,
858 901 899 923 ac
921 887 1073 923 vetustis
1097 885 1317 928 moenibus,
1347 885 1479 923 dirutis
1499 889 1541 916 11

40 939 192 989 quidem
211 949 320 974 antea
343 949 471 984 magna
491 950 534 972 ex
555 947 674 985 parte:
705 937 863 985 (quippe
887 938 924 972 in
947 947 1046 973 tanta
1065 936 1318 990 Romanorum
1341 946 1479 982 poten-

41 990 91 1026 tia
106 1014 116 1030 ,
143 999 269 1035 neque
289 998 479 1022 murorum
499 998 624 1036 neque
636 999 817 1023 armorum
829 985 957 1023 ltaliae
967 985 1140 1022 cIuitates
1164 985 1394 1032 indigebant,
1421 997 1480 1032 pa·

43 1051 125 1074 cem
144 1037 344 1072 altiffimam
367 1033 547 1082 agitantes
561 1061 571 1078 ‚
594 1047 706 1080 atque
725 1035 763 1071 in
785 1034 1040 1082 participatum
1061 1033 1285 1080 reipublicae
1304 1033 1478 1079 adscitae)

41 1086 103 1124 sed
125 1096 217 1122 tunc
234 1095 389 1133 vrgente
410 1083 584 1120 videlicet
601 1086 830 1126 necestitate,
858 1083 1048 1120 renouatis
1068 1081 1352 1128 instauratisque
1374 1096 1477 1120 moe·
1501 1088 1542 1112 ¹²

45 1136 178 1176 nibus,
206 1145 392 1180 praeterea
413 1134 572 1169 turribus
593 1146 634 1169 ac
661 1134 949 1181 propugnaculis
979 1131 1170 1175 excitatis,
1205 1143 1363 1180 totaque
1389 1134 1477 1169 vrbe
1498 1133 1545 1172 13*

41 1185 87 1222 ad
108 1196 190 1229 eum
213 1183 362 1219 modum
383 1183 633 1224 communita,
660 1181 859 1229 claulisque
880 1183 1014 1230 portis,
1039 1180 1187 1218 nonem
1208 1182 1383 1229 diemque
1396 1180 1478 1217 vni-

47 1233 134 1270 verli
157 1245 220 1280 pro
236 1244 346 1272 muro
366 1231 520 1271 stantes,
549 1231 684 1267 hostem
704 1231 892 1267 fortissime
906 1230 1178 1279 propulsabant.

41 1283 179 1321 sumina
199 1281 377 1328 potestate
397 1279 470 1315 duo
489 1281 698 1316 conlulares
719 1281 785 1316 viri
811 1281 891 1316 leffi
920 1294 938 1316 a
965 1283 1110 1321 senatu,
1147 1279 1407 1326 Crispinus
1437 1290 1480 1315 ac

43 1331 371 1376 Meneply‘ilus.

427 1329 475 1383 rii
496 1330 650 1365 maxima
670 1329 862 1379 diligentia
881 1339 1184 1377 procurauerant.
1209 1329 1262 1365 vti
1284 1328 1480 1365 necessaria
1501 1334 1543 1368 15

41 1391 209 1429 quaeque
230 1380 267 1434 in
290 1379 414 1414 vrbem
436 1389 746 1426 importarentur,
773 1378 819 1414 fic
837 1391 876 1415 vt
899 1378 1116 1415 diuturnior
1138 1389 1290 1426 quoque
1318 1377 1479 1414 sustineri

40 1440 271 1477 oppugnatio
300 1427 477 1473 potuerit.
527 1428 608 1464 Erat
630 1428 717 1463 item
737 1429 774 1464 in
785 1429 875 1465 vrbe
896 1439 1024 1475 magna
1046 1439 1220 1476 aquarum
1240 1426 1479 1469 abundantia,
1500 1425 1545 1459 16

39 1491 91 1527 pa
104 1478 163 1514 rti
179 1490 212 1512 m
240 1490 283 1514 ex
306 1476 428 1523 puteis
447 1476 531 1513 sane
560 1476 824 1523 frequentibus
837 1503 848 1519 ‚
891 1490 913 1525 p
927 1490 971 1513 ar
984 1478 1068 1513 tim
1110 1490 1130 1512 e
1160 1476 1281 1513 fluuio
1314 1490 1349 1512 m
1365 1488 1385 1513 u
1398 1489 1414 1512 r
1427 1487 1479 1512 os

37 1525 342 1583 praeterfluente,
371 1537 411 1561 ac
429 1525 569 1573 pariter
589 1526 702 1563 fossae
723 1526 889 1566 obieftus
913 1536 953 1565 et
970 1538 1151 1576 aquarum
1183 1528 1386 1576 praebente
1410 1538 1478 1564 co-

38 1589 148 1626 piam.

714 1627 776 1664 111.

40 1706 136 1774 His
155 1706 205 1743 ita
228 1705 324 1742 intra
351 1707 479 1744 vrbem
500 1708 745 1757 comparatis,
786 1719 827 1744 vt
856 1707 1016 1756 primum
1049 1706 1203 1744 defendi
1234 1718 1364 1744 muros
1393 1706 1482 1747 dili*-

131 1765 262 1804 genter
281 1756 491 1805 clausasque
511 1769 636 1804 portas
661 1758 886 1795 Maximinus
912 1754 1075 1798 audiuit,

1130 1757 1299 1794 decreuit
1329 1757 1481 1794 mittere

40 1804 244 1861 legatorum
264 1805 405 1852 specie,
442 1807 504 1854 qui
529 1808 613 1844 illos
634 1808 940 1855 alloquerentur,
985 1819 1025 1842 ac
1053 1805 1101 1851 (fi
1132 1807 1302 1853 pulsent)
1333 1805 1482 1844 reserari

42 1851 106 1890 fibi
129 1865 250 1901 portas
272 1855 543 1900 persuaderent.

597 1857 765 1893 Habebat
786 1868 906 1893 autem
920 1856 958 1893 in
981 1854 1146 1893 exercitu
1158 1855 1351 1893 tribunum
1363 1868 1480 1904 quen·
1499 1856 1522 1881 ²

45 1905 126 1938 dam
139 1902 332 1951 Aquileiae
350 1904 485 1946 ciuem,
510 1904 614 1942 cuius
636 1907 710 1942 nati
732 1919 844 1952 arque
865 1919 969 1947 vxor,
995 1908 1182 1953 praeterea
1200 1905 1341 1941 familia
1359 1904 1483 1942 omnis

43 1949 86 1989 in
105 1953 192 1988 vrbe
211 1962 316 1988 erant
335 1953 507 1989 conclufi.

559 1957 684 2001 Qare
704 1968 788 1991 eum
813 1956 1132 2002 centurionesque
1152 1955 1357 1990 nonnullos
1387 1952 1484 2000 quali
1503 1953 1522 1990 3

41 2011 208 2046 oratores
234 2000 374 2041 mittit,
414 2002 558 2048 sperans
580 2004 689 2039 facile
707 2003 807 2040 illius
820 2004 1058 2041 autoritatem
1082 2004 1288 2049 municipes
1306 2003 1486 2050 sequutu-

39 2061 113 2087 tos.
166 2048 228 2098 qui
247 2049 308 2086 vbi
332 2062 440 2087 muro
465 2052 832 2101 appropinquarunt,
860 2053 899 2089 in
923 2053 1016 2089 hanc
1044 2051 1273 2089 sententiam
1296 2053 1408 2088 verba
1434 2050 1524 2089 (ἧι-4

90 2165 137 2211 b)
170 2164 380 2202 abundabat
415 2165 567 2213 quidem
594 2168 737 2216 populo

41 2215 154 2250 etiam
170 2214 283 2260 prius.
345 2216 469 2256 Habes
495 2229 616 2253 autem
650 2231 734 2266 apo-

41 2262 144 2301 dofin
157 2262 200 2300 ad
211 2261 270 2298 ista
285 2265 391 2300 verba
404 2264 441 2299 in
454 2264 536 2301 illis.
548 2267 735 2304 Enimuero

42 2331 82 2342 -
105 2313 314 2353 multitudo,
341 2314 399 2359 (ς.
417 2316 493 2357 ιο.)
556 2317 627 2351 sed
656 2319 732 2352 l’ol.

44 2364 189 2399 omittit
220 2362 329 2398 eriam
360 2364 448 2399 haec
477 2365 608 2407 verba,
652 2370 735 2405 ἰδίου

43 2414 170 2455 δῆμον,
194 2423 287 2457 quae
316 2413 456 2449 Herod.
486 2425 570 2450 cum
592 2412 731 2452 mavi-‚v-

45 2463 178 2507 &gam-03
201 2461 344 2508 iungit:
374 2461 473 2509 quali
493 2464 613 2505 dicas,
639 2467 735 2500 Erat

47 2509 196 2557 quidem
223 2521 330 2546 antea
360 2511 423 2548 suo
453 2511 562 2559 iplius
593 2515 736 2561 populo

47 2560 246 2605 populosa,
295 2560 317 2596 i.
347 2574 379 2596 e·
408 2573 486 2597 eam
516 2563 669 2607 quidem
700 2575 739 2600 et

46 2610 149 2643 antea
171 2608 386 2655 populosam
408 2610 583 2658 proprius
614 2624 734 2660 popu-

45 2655 309 2694 lus-reddebat.
335 2660 444 2706 Steph

94 2706 128 2752 e)
154 2705 198 2742 ad.
225 2719 323 2743 mare
351 2710 537 2755 perusta,
583 2722 621 2748 et
647 2722 736 2749 ante

787 2180 919 2205 omnes
930 2166 1094 2216 Illyricas
1106 2177 1238 2215 gentes
1257 2165 1332 2204 fita.
1364 2169 1484 2217 Stepb.

836 2219 878 2260 d)
903 2218 976 2252 ieie
997 2218 1200 2253 credebant
1219 2217 1318 2254 vrbis
1335 2218 1485 2265 magni-

786 2267 925 2308 tudini,
951 2277 989 2302 et
1010 2266 1222 2306 moenibus,
1247 2279 1405 2316 quorum
1417 2268 1484 2303 ob·

786 2316 882 2354 iestu
933 2316 1221 2352 defendebatur:
1269 2328 1364 2365 quae
1398 2328 1484 2364 prae

786 2367 923 2402 summa
944 2368 1119 2401 vetustate
1130 2365 1229 2412 prius
1247 2365 1397 2413 quidem
1411 2378 1485 2401 ma·

785 2417 883 2451 xima
919 2428 965 2452 ex
1014 2425 1117 2462 parte
1167 2414 1326 2462 collapsa
1362 2425 1483 2452 erant.

788 2467 898 2508 Quae
917 2473 1039 2500 autem
1061 2465 1281 2511 sequuntur,
1325 2464 1483 2502 includo

787 2512 1018 2561 parentheli,
1056 2514 1099 2550 ad
1130 2511 1192 2549 illa
1221 2525 1337 2560 vsque
1358 2517 1482 2556 verba,

786 2563 849 2600 sed
896 2573 988 2599 tunc
1023 2582 1058 2589 —-
1092 2562 1223 2599 necess‘.
1259 2584 1295 2592 ·-
1327 2563 1388 2599 vbi
1433 2565 1484 2599 est

786 2612 951 2648 redditio
975 2612 1018 2646 ad
1048 2611 1266 2658 particulam
1290 2619 1362 2656 μέν·
1390 2625 1485 2660 quae

788 2660 839 2698 est
860 2660 947 2703 illie,
975 2676 1111 2709 πρυ-ες·
1138 2667 1198 2706 μὲν
1217 2676 1334 2708 narie.
1362 2663 1479 2712 Steph.

1231 1232 1354 1267 Duces
1373 1241 1480 1267 erant
1500 1234 1543 1270 14
