1748 3017
225 116 287 156 32

429 97 943 148 HER‘ODIANI
992 92 1486 142 HISTORIAE

219 216 251 263 i)
263 213 542 251 multitudinem
556 211 797 251 declinantes,
811 206 1221 256 indigniffimelaturam
1243 204 1280 240 id
1301 202 1456 258 facinus7
1469 211 1655 251 occupant

221 266 259 300 in
285 266 391 299 castra
411 265 522 303 abire,
552 272 731 306 muroque
749 258 949 294 continent
978 256 1034 290 se:
1062 254 1241 301 dispofitis
1270 265 1336 299 pro
1361 254 1522 290 turribus
1541 265 1655 288 arma·

156 315 198 348 16
223 313 284 356 tis,
303 314 367 362 qui
390 313 582 359 populum,
595 306 1067 358 fiimpreffionemfaceret,
1093 316 1110 338 a
1123 301 1316 339 moenibus
1335 312 1513 338 arcerent.
1541 303 1658 339 Hunc

218 361 330 398 finem
353 363 521 399 Pertinax
542 359 692 395 sortitus
712 357 774 399 est,
795 355 892 391 vitae
913 365 1131 401 morumque
1157 355 1221 400 (vt
1240 350 1342 398 supra
1361 350 1549 396 diximus)
1569 351 1656 388 ,lau-

217 412 368 448 dandus.

266 468 291 489 Ο

220 506 307 572 Sed
333 508 394 542 vbi
414 505 533 543 caedis
556 505 652 541 illius
670 504 766 540 fama
795 511 857 549 per
876 452 1058 548 poziilum
1086 498 1134 554 k).
1158 496 1306 538 dedita,
1332 497 1497 534 tumultu
1516 491 1658 534 scilicet

286 557 457 603 luemque
479 556 602 590 omnia
623 553 820 600 compieri,
847 551 1051 588 discurrere
1073 546 1229 587 vniuerfi
1259 546 1472 584 furentibus
1498 544 1655 582 fimiles:

176 620 198 643 2
222 617 344 652 neque
362 603 451 640 certi
471 604 560 652 quid
589 615 752 651 agerent,
780 611 959 649 quaerere
978 598 1076 644 ipsos
1100 608 1266 636 autores:
1293 608 1388 643 quos
1407 607 1531 642 neque
1549 594 1658 646 inue-

177 665 196 704 3
222 655 301 689 nire
326 666 449 690 tamen
469 663 640 700 poterant
666 663 789 698 neque
810 648 946 685 vlcisci.
997 647 1194 692 Praecipue
1215 657 1303 681 vero
1331 645 1478 681 senatus
1497 644 1655 692 indigne

222 702 259 739 id
281 703 391 743 ferre,
421 709 733 748 communemque
751 712 829 734 eam
854 696 1095 732 calamitatem
1118 695 1339 730 existimare:
1366 693 1574 730 desiderans
1594 703 1655 740 pa·
1681 736 1694 747 x

176 768 198 799 4
220 761 362 789 rentem
389 752 586 798 optimum,
606 763 645 785 ac
666 747 867 795 principem
892 743 1265 792 indulgentissimum:
1294 743 1510 789 rursumque
1528 745 1657 790 'tyran-

179 815 196 847 ς
220 800 347 838 nidem
367 812 557 839 metuens,
584 811 693 846 quam
726 797 828 832 cordi
854 794 922 832 effe
943 794 1124 830 militibus
1151 792 1397 841 intelligebat.
1444 791 1517 828 Sed
1536 801 1654 838 quum

220 850 298 887 dies
320 862 413 886 vnus
439 849 609 896 'itemque
626 848 718 883 alter
736 844 888 885 abiiffet,
917 844 1093 891 plebsque
1108 842 1292 882 Vniuersa,
1319 842 1385 877 suo
1403 839 1559 888 quisque
1573 847 1654 877 ‘me-

218 911 271 940 tu,
296 899 459 946 quietem
487 907 631 945 ageret,
657 907 696 931 et
713 894 776 942 qui
796 894 977 941 dignitate
999 892 1276 938 autoritateque
1303 890 1508 941 pollebant,
1533 890 1573 925 in
1591 889 1654 925 sua

221 947 366 996 praedia
384 959 490 992 quarn
510 944 714 992 longissime
740 953 913 991 poterant
936 943 979 977 ab
999 943 1086 977 vrbe
1114 939 1340 981 seceffiffenr,
1366 940 1402 986 l)
1423 946 1474 976 ne
1500 938 1654 987 quidin

176 1000 197 1030 6
222 997 394 1039 eligendo
415 995 609 1031 successore
632 993 778 1040 grauius
800 992 1046 1028 obiiceretur:
1075 988 1230 1038 cognito
1258 989 1397 1026 milites
1426 1000 1463 1024 et
1484 989 1656 1034 quietum

220 1040 288 1082 ‘effe
311 1045 513 1091 pupulum,
541 1055 578 1078 et
596 1038 745 1079 existere
766 1041 969 1080 neminem.
997 1039 1060 1088 qui
1081 1039 1285 1086 principem
1311 1037 1548 1074 interfefium
1569 1037 1656 1074 vin-

176 1104 197 1134 7
219 1095 376 1133 dicaret,
406 1091 470 1140 ipfi
493 1092 643 1140 quidem
665 1090 785 1126 castris
813 1089 849 1126 se
879 1089 1144 1125 continebant:
1173 1087 1378 1123 constituto
1406 1097 1531 1123 autem
1547 1085 1658 1133 suprav

216 1155 358 1179 murum
378 1141 597 1177 vocaliliimo
617 1151 782 1188 quoque.
805 1139 960 1174 edicunt
978 1139 1107 1173 venale
1136 1136 1331 1184 imperium
1346 1160 1356 1176 ,
1378 1135 1654 1182 traditurosque

215 1195 248 1229 se
268 1192 299 1227 ei
321 1191 383 1237 qui
405 1191 601 1234 plurimum
633 1189 812 1236 pecuniae
841 1187 1093 1234 polliceretur,
1118 1197 1278 1232 tutoque
1300 1185 1339 1220 in
1357 1186 1474 1221 aulam
1493 1192 1568 1220 c‘um
1587 1194 1655 1220 ar-

171 1251 190 1282 8
215 1243 280 1277 mis
298 1239 531 1276 deducturos·
582 1239 630 1280 m)
653 1238 693 1274 Id
713 1237 881 1272 auditum
907 1234 1098 1271 neminem
1126 1247 1146 1270 e
1164 1235 1311 1274 senatu,
1343 1233 1522 1281 grauitate
1541 1244 1653 1281 atque

215 1289 412 1327 autoritate
440 1287 661 1336 praeditum,
690 1285 956 1333 neminemque
981 1297 1001 1320 e
1022 1283 1243 1324 nobilitate,
1271 1295 1333 1319 aut
1353 1295 1396 1318 ex
1425 1283 1471 1318 iis
1491 1281 1653 1329 denique

217 1339 405 1387 permouit
441 1339 658 1385 quicunque
687 1335 809 1371 adhuc
838 1332 1009 1381 opulenti
1037 1333 1277 1378 superabant,
1313 1343 1446 1368 tenues
1473 1331 1655 1378 reliquiae

215 1387 416 1424 Commodi
443 1385 672 1435 tyrannidis:
707 1396 831 1431 neque
861 1382 966 1419 ausus
995 1382 1186 1429 quisquam
1214 1392 1279 1417 aut
1308 1388 1414 1417 mu'ro
1443 1380 1654 1420 succedere,

172 1450 194 1482 9
216 1448 278 1474 aut
312 1448 458 1482 turpem
487 1432 874 1480 contumeliosumque
909 1431 1140 1466 dominatum
1168 1429 1324 1477 pecunia
1356 1430 1497 1474 pacisci.

1582 1427 1655 1464 Sed

217 1487 315 1523 enim
339 1485 480 1521 Iuliano
500 1484 656 1524 cuidam,
686 1481 867 1519 consulari
890 1480 992 1520 vim,
1016 1480 1080 1528 qui
1099 1479 1274 1528 grandem
1306 1480 1440 1515 habere
1458 1478 1654 1525 pecuniam

217 1535 444 1574 credebatur,
470 1534 621 1579 vespere
639 1533 740 1579 supra
759 1543 912 1567 coenam
935 1530 1131 1565 nuntiatur
1159 1527 1255 1564 inter
1276 1527 1408 1564 vinum
1428 1536 1540 1574 atque
1559 1539 1652 1574 epu··

148 1596 196 1620 ιο
217 1587 282 1625 las,
311 1583 469 1619 rnilitum
491 1581 675 1619 edictum:
704 1580 844 1628 quippe
864 1578 1166 1621 horno'alioquin
1190 1587 1314 1624 parum
1336 1576 1433 1613 vitae
1452 1577 1653 1613 continenb

216 1634 262 1669 tis
285 1633 492 1670 habebatur.

545 1630 764 1667 Persuadent
782 1628 894 1677 igitur
907 1640 996 1664 vxor
1015 1638 1126 1674 atque
1146 1625 1230 1668 filia,
1258 1638 1297 1662 et
1317 1625 1553 1673 parasitorum
1571 1636 1651 1661 tur·
1676 1639 1683 1644 ,

215 1684 271 1723 ba,
299 1693 338 1717 vt
365 1682 484 1716 relit‘ta
514 1679 636 1716 mensa
655 1681 850 1719 acceleret,
877 1688 915 1712 et
932 1671 1020 1723 quid
1049 1687 1174 1723 agatur
1193 1675 1404 1724 intelligat:
1433 1686 1473 1710 ac
1494 1673 1652 1710 subinde

210 1732 308 1768 inter
327 1731 488 1767 eundum
503 1730 747 1767 adhortantur
764 1728 802 1771 n)
823 1737 982 1774 occupet
1000 1725 1201 1773 proiectum
1223 1724 1435 1773 imperium,
1463 1723 1652 1772 superam5
1708 1751 1713 1762 ,

252 1848 279 1889 ἱ)
307 1851 409 1882 metu
429 1855 570 1884 eorum,
583 1855 675 1891 quae
695 1842 765 1880 aufi
785 1854 903 1885 erant,

208 1894 423 1944 praeuenire
467 1893 596 1942 populi
630 1892 802 1929 insultum
840 1906 902 1928 vo-

208 1950 342 1984 lentes.
367 1943 530 1990 (quippe
549 1954 659 1989 quem
681 1943 840 1991 grauiter
861 1954 902 1978 ea

206 1994 365 2030 laturum
387 1993 578 2037 sciebann)
605 1991 643 2027 in
664 1991 770 2027 castra
791 1990 903 2027 curri·

206 2044 291 2078 culo
313 2041 348 2077 se
369 2042 566 2089 rccipiunt,
580 2053 684 2078 muro
706 2052 778 2088 que
799 2050 900 2077 cont.

203 2093 251 2129 se.
277 2090 394 2137 Steph.

252 2138 299 2181 k)
328 2139 454 2175 Potius
482 2140 599 2175 didita
628 2138 799 2187 scripsisse
820 2139 898 2176 1³01.

204 2199 312 2237 puto,
339 2201 370 2222 v.
393 2188 506 2232 supra.
534 2189 652 2236 Stepb.

252 2239 287 2278 l)
313 2249 358 2272 ne
378 2236 467 2282 quid
490 2237 561 2272 illis
587 2237 671 2273 mali
699 2250 742 2273 ex
768 2236 896 2273 futuro

206 2286 363 2331 imperio
384 2285 640 2332 contingeret,
667 2284 689 2320 si
712 2286 895 2322 adeffent:

205 2335 367 2374 milites,
407 2335 582 2381 cognito,
626 2335 794 2381 quietum
827 2335 898 2371 csse

208 2397 297 2431 pop.
320 2394 357 2418 ct
378 2384 563 2418 neminem
591 2382 725 2418 audere
746 2383 895 2419 caedem

205 2431 439 2476 Imperatoria
463 2432 641 2478 persequi.
665 2431 723 2477 ipfi
743 2433 892 2479 quidem

206 2494 237 2516 c.
251 2483 272 2517 i.
286 2481 542 2521 continebant,
554 2480 758 2517 constitutis
770 2494 893 2518 autem

204 2531 305 2576 supra
328 2539 472 2564 murum
492 2529 547 2568 iis,
573 2530 632 2576 qui
656 2529 810 2565 maxime
826 2542 892 2565 vo-

204 2591 246 2612 ce
267 2579 445 2618 valerent,
473 2578 760 2623 proclamabant,
786 2591 893 2615 vena-

203 2628 278 2662 lem
315 2626 383 2662 ess'e
426 2626 699 2671 imperatoriam
737 2628 892 2675 dignita-

202 2683 299 2716 tem;
319 2687 426 2721 atque
446 2675 515 2717 illi.
541 2674 604 2722 qui
624 2675 703 2723 plus
714 2678 892 2723 pecuniae

1531 1805 1557 1825 X

953 1843 1104 1879 daturus
1124 1835 1209 1878 esset
1224 1866 1234 1882 ,
1262 1840 1463 1879 tradituros
1484 1840 1521 1877 se
1540 1839 1651 1888 polli···

951 1893 1140 1933 cebantur,
1165 1901 1250 1927 tuto
1271 1903 1342 1927 etc.
1370 1891 1484 1939 Steph.

1000 1942 1048 1987 m)
1076 1941 1202 1982 Quum
1224 1951 1347 1976 autem
1368 1941 1478 1976 huius
1500 1945 1649 1986 'praeco-

952 1988 1006 2026 nii
1028 1989 1121 2025 fama
1151 1988 1265 2036 sparsa
1285 1989 1383 2030 esset,
1409 1989 1433 2024 ii
1455 1987 1606 2036 quidem
1626 2000 1649 2026 e

949 2039 1191 2079 senatoribus,
1218 2038 1281 2086 qui
1306 2039 1444 2074 maiore
1465 2035 1648 2086 grauitate

949 2087 1152 2124 constantia
1191 2099 1263 2135 que
1316 2087 1473 2133 praediti
1514 2095 1646 2128 erant,

948 2149 987 2174 et
1006 2135 1221 2184 quicunque
1249 2137 1414 2184 patricii,
1441 2147 1506 2172 aut
1527 2136 1648 2172 adhue

947 2186 1136 2233 opulenti,
1154 2197 1286 2233 paucae
1306 2184 1514 2233 tyrannidis
1528 2185 1647 2219 Com-

946 2235 1049 2271 modi
1076 2235 1250 2282 reliquiae
1263 2258 1273 2275 ,
1297 2246 1419 2281 neque
1438 2232 1482 2268 ad
1499 2238 1646 2270 'thurum

946 2283 1183 2324 accesserunt,
1196 2294 1319 2330 neque
1339 2293 1483 2328 turpem
1494 2292 1542 2326 *et
1555 2294 1644 2328 pro-

945 2332 1091 2369 brosum
1113 2331 1347 2367 dominatum
1367 2327 1522 2376 pecunia
1543 2342 1646 2367 com.

945 2392 1070 2429 parare
1088 2381 1308 2416 voluerunt:
1331 2379 1392 2416 sed
1412 2375 1552 2417 iuliano
1564 2378 1645 2416 cui-

944 2431 1050 2470 dam,
1077 2429 1256 2465 consulari
1287 2428 1390 2469 viro,
1435 2429 1496 2475 qui
1527 2430 1642 2466 abun-

944 2479 1031 2514 dare
1054 2478 1211 2525 pecunia
1243 2473 1526 2520 existimabatur,
1549 2489 1642 2522 epu-

942 2526 1034 2565 lanti
1054 2526 1251 2563 nunciatur
1273 2527 1426 2563 militare
1446 2523 1640 2574 praeconi-

942 2589 1019 2618 um,
1047 2576 1135 2612 dum
1153 2577 1322 2614 ebrietati
1344 2588 1380 2613 et
1398 2576 1565 2624 crapulae
1578 2575 1640 2612 in-

941 2627 1082 2672 dulget.
1108 2625 1246 2672 quippe
1266 2636 1358 2662 caet.
1379 2625 1498 2674 Steph.

983 2677 1032 2721 n)
1066 2685 1141 2710 occ.
1172 2687 1226 2722 pr.
1254 2674 1466 2723 imperium.
1510 2674 1639 2721 Qum
