1707 3140
303 125 488 177 SVPER
520 134 716 175 OPERE
745 130 1162 174 HEROIMANEO.
1368 143 1450 168 xm

24 246 212 309 {mpreffa
248 250 315 292 est.
379 249 515 306 Quam
548 249 578 289 fi
609 264 694 289 non
728 248 903 299 habeas!
955 246 1038 284 alio
1069 256 1256 298 tempore
1287 240 1337 282 de
1360 242 1447 297 ipsa

29 325 238 365 exponam
267 310 398 362 plura.
1388 356 1397 362 ,

148 366 357 407 Libellum
392 367 558 410 Tuum,
604 378 739 418 nuper
769 363 990 416 scriptum,
1023 360 1209 399 nondum
1232 356 1343 397 vidi:
1378 355 1450 395 led

27 421 238 478 sr‘reapse
275 439 294 462 a
330 422 561 477 bibliopoIa
595 436 847 476 quocunque
888 430 1079 472 receptus
1115 417 1188 460 fit.
1229 429 1277 454 eo
1313 426 1358 453 ut
1383 428 1449 452 me

29 483 187 529 dones,
235 481 509 520 vehementer
538 494 652 533 rogo.
722 481 762 519 Is
805 479 915 517 enim
952 491 1035 514 non
1068 471 1301 528 potestnon
1329 472 1450 510 docte

29 539 205 592 scriptus
231 538 337 585 effe,
371 536 562 592 adeoque
584 537 686 576 scire
710 551 847 575 meum
866 565 875 580 ‚
909 533 1022 588 quod
1048 532 1131 572 [cio
1161 546 1331 584 parvum
1355 527 1453 574 effe,

29 595 203 636 mirifice
228 611 390 652 augere.
452 600 502 635 ln
528 609 612 650 quo
640 594 668 632 fi
694 593 795 648 quid
817 591 952 632 nihsso
976 590 1107 630 secius
1129 588 1339 628 offendam
1357 617 1367 633 ‚
1401 586 1452 624 de

32 668 115 710 quo
148 653 268 692 aliter
299 652 489 700 statuam,
532 652 576 691 id
604 652 726 691 TIBI
753 665 829 706 pro
862 648 1046 690 amicitia
1067 645 1200 687 nostra
1222 643 1453 700 fignificare

31 725 119 751 non
142 710 382 750 cunctabor.
455 759 458 763 .
1400 717 1403 723 “

151 768 333 808 Notulas
367 767 683 823 quaIescunque
715 780 854 813 meas,
899 760 1010 804 inter
1035 763 1278 803 varietatem
1312 756 1458 799 lectio-

30 826 96 867 nis
110 823 329 879 inspersas,
350 825 489 881 [cripfi
508 828 586 874 ita,
609 835 655 864 ut
676 825 780 863 mihi
802 823 961 872 legenti
980 821 1263 875 scribentique
1286 818 1327 856 in
1344 831 1459 856 men·

34 894 120 924 tem
151 894 192 922 et
223 881 392 923 buccam
424 894 654 924 venerunt:
698 897 800 936 quas
832 880 958 921 semel
1000 879 1172 932 scriptas
1202 876 1459 920 examinare,

36 941 265 995 animoque
287 941 516 981 accuratius
540 940 802 994 expendere,
836 953 910 992 per
933 948 1099 992 tempus
1121 946 1163 975 et
1182 934 1352 989 negotia
1379 930 1461 970 alia

35 997 150 1037 haud
180 997 315 1038 chit.
375 999 420 1038 Si
451 997 655 1041 licuisset,
704 997 912 1049 acceperis
943 995 1056 1034 haud
1087 993 1214 1033 dubie
1246 989 1462 1045 epistolam

38 1056 224 1095 criticam
248 1057 544 1095 accuratiorem
560 1086 571 1103 ‚
609 1066 649 1094 et
672 1057 798 1108 magis
822 1053 1087 1108 perpolitam.
1146 1051 1281 1106 Igitur
1302 1049 1329 1087 fi
1352 1046 1461 1101 ipsas

37 1112 111 1151 suo
135 1112 229 1160 loco
262 1113 559 1167 relinquendas
584 1112 725 1151 censes
743 1141 753 1157 ‚
785 1111 904 1157 vide,
950 1108 1132 1165 quaeso,
1163 1119 1209 1147 ut
1230 1103 1464 1147 eruditioni

41 1170 286 1225 gloriaeque
305 1172 423 1209 Tuae
452 1185 505 1210 ne
528 1169 674 1208 obfint.

153 1227 354 1267 codicem
387 1227 481 1266 MS.
517 1225 736 1266 mercatori
772 1223 835 1264 illi
863 1224 1023 1279 optimo
1057 1233 1183 1279 atque
1206 1219 1464 1263 amicisssm0‚

41 1293 116 1338 per
147 1295 271 1338 quem
302 1298 565 1338 acceperam,
602 1282 792 1330 reddidi,
835 1281 915 1322 hoc
936 1281 1132 1329 consilio,
1172 1291 1216 1320 ut
1239 1278 1373 1334 ipsum
1395 1287 1467 1315 aut

39 1339 253 1390 renfi'ttat,
294 1352 365 1380 aut
391 1343 421 1381 fi
451 1341 538 1396 ipse
561 1340 840 1380 Monachium
861 1350 1002 1395 petat,
1036 1355 1118 1394 quo
1141 1338 1258 1378 brevi
1279 1334 1469 1376 reversu-

39 1412 110 1438 rus
134 1397 212 1446 est,
246 1413 296 1438 eo
313 1398 459 1451 ‘secum
489 1399 646 1447 sumat,
677 1399 863 1453 virisque
886 1397 969 1438 illis
995 1396 1238 1439 Clarisfimis
1259 1391 1468 1447 Amplisfi-

37 1458 204 1510 misque
223 1455 382 1500 reddat,
413 1472 435 1495 a
458 1458 612 1512 quibus
633 1455 688 1495 est
709 1455 761 1494 ad
785 1466 849 1496 tue
873 1455 1145 1496 transmissus.
1174 1452 1325 1492 Verbis
1346 1449 1468 1496 Tuis,

40 1514 232 1568 utrique,
274 1525 316 1553 et
337 1514 566 1564 Oefelino‚
612 1525 654 1554 et
674 1515 909 1568 Lipperto‚
953 1515 1105 1569 gratias
1127 1510 1334 1567 persolvi,
1365 1522 1468 1563 quas

40 1573 190 1627 potui,
221 1572 436 1611 maximas.

154 1629 282 1684 Quod
305 1629 512 1684 reliquum
537 1628 616 1677 est,
646 1628 792 1682 spero,
824 1629 943 1677 fore,
971 1639 1018 1668 ut
1039 1623 1337 1672 Herodianus,
1372 1638 1468 1663 cura

43 1680 261 1741 studioque
298 1689 393 1726 Tuo
444 1687 688 1727 emendatus
727 1697 768 1726 et
809 1686 1054 1742 castigatus,
1108 1684 1407 1736 redemtusque
1448 1696 1470 1719 a

42 1743 275 1798 bibliopola
306 1759 458 1799 aequo,
487 1744 677 1792 honesto,
713 1754 754 1783 et
784 1759 906 1799 quam
939 1743 1108 1782 minime
1132 1740 1315 1781 sordido.
1348 1754 1473 1794 quam

44 1802 222 1856 primum
256 1803 300 1840 in
328 1801 466 1841 lucem
498 1802 699 1856 prodeat,
732 1812 773 1841 et
804 1803 926 1842 TIBI
955 1801 1124 1849 laudes,
1158 1814 1260 1855 quas
1294 1812 1471 1843 merere,

16 1876 18 1879 ·
41 1868 256 1913 comparet
278 1860 548 1899 immortales.
616 1862 766 1914 quue
803 1861 929 1905 facto,
950 1859 1154 1899 editionis
1177 1871 1313 1896 novae
1334 1870 1473 1894 exem·
1498 1863 1507 1867 “

43 1915 156 1971 plum
189 1931 275 1956 non
303 1917 502 1970 exspecto
540 1916 700 1965 solum,
740 1916 812 1957 sed
855 1918 980 1972 etiam
1012 1931 1106 1956 meo
1139 1914 1252 1970 quast
1283 1915 1373 1952 iure
1404 1911 1473 1950 de·

47 1968 169 2027 posco
205 1973 480 2029 et-efflagito.
545 1974 801 2014 Postremum
835 1974 1024 2015 libellum
1054 1988 1219 2018 meum,
1251 1986 1325 2025 per
1356 1980 1473 2010 oc'ca-

44 2030 198 2069 fionem
233 2030 516 2071 scholasticam
541 2032 878 2086 promulgatum,
914 2033 1102 2086 itemque
1128 2028 1311 2083 παρῳδιάν
1353 2043 1374 2067 a
1407 2041 1472 2066 me

47 2088 308 2134 confectam,
340 2090 462 2128 TIBI
483 2089 600 2127 simul
619 2092 875 2129 transmitto:
909 2104 1034 2144 quem
1069 2100 1324 2142 utrumque,
1354 2099 1473 2135 τοςζο,

48 2144 190 2183 animo
233 2159 368 2198 aequo
410 2159 454 2184 er
488 2147 621 2185 amico
656 2147 864 2198 accipias,
903 2146 1096 2199 mihique
1137 2158 1354 2199 nunquam
1386 2157 1475 2182 non

44 2204 205 2241 faveas.
269 2201 386 2241 Vale.
441 2203 572 2242 Scrib.
619 2204 902 2252 Ratiabonae,
953 2202 1091 2258 pridie
1138 2202 1228 2244 Cal.
1271 2202 1380 2244 Mai.
1424 2203 1474 2239 A.

48 2260 409 2300 cloloccnxxun.

49 2433 203 2480 vfflo
228 2431 615 2492 PERExmro,
649 2436 1249 2499 ERVDITISSIMOQVE
1270 2434 1474 2482 THEO-

114 2513 322 2587 Pfflno
365 2517 741 2563 GVILIELMO
785 2519 1131 2564 lssMIScHto
1167 2521 1213 2569 S.
1250 2516 1303 2564 P.
1338 2518 1406 2567 D.

471 2595 770 2644 cHfflsTo.
809 2599 1051 2665 SAXWS.

158 2676 285 2736 Quod
322 2678 396 2723 ἰΠο
435 2684 527 2738 ipso
563 2686 766 2739 temporis
808 2686 1011 2736 articu105
1053 2703 1138 2742 quo
1170 2687 1221 2728 ad
1257 2700 1323 2728 me
1354 2686 1475 2727 Tuae

43 2740 328 2792 perferrentur
366 2741 544 2782 schedae
585 2743 907 2793 Herodianeae,
950 2747 1215 2798 metuebam,
1263 2765 1315 2789 ne
1346 2764 1472 2805 quem
