<?xml version="1.0" encoding="UTF-8"?>
<!DOCTYPE html PUBLIC "-//W3C//DTD XHTML 1.0 Transitional//EN"
    "http://www.w3.org/TR/xhtml1/DTD/xhtml1-transitional.dtd">
<html xmlns="http://www.w3.org/1999/xhtml" xml:lang="en" lang="en">
 <head>
  <title>
</title>
<meta http-equiv="Content-Type" content="text/html;charset=utf-8" />
  <meta name='ocr-system' content='tesseract 3.04.00' />
  <meta name='ocr-capabilities' content='ocr_page ocr_carea ocr_par ocr_line ocrx_word'/>
</head>
<body>
  <div class='ocr_page' id='page_1' title='image "./historiarumlibri04hero/historiarumlibri04hero_0110.png"; bbox 0 0 1707 3029; ppageno 0'>
   <div class='ocr_carea' id='block_1_1' title="bbox 224 87 1498 155">
    <p class='ocr_par' dir='ltr' id='par_1_1' title="bbox 224 87 1498 155">
     <span class='ocr_line' id='line_1_1' title="bbox 224 87 1498 155; baseline 0.002 -14"><span class='ocrx_word' id='word_1_1' title='bbox 224 107 285 150; x_wconf 75' lang='lat'>80</span> <span class='ocrx_word' id='word_1_2' title='bbox 398 87 916 145; x_wconf 47' lang='lat' dir='ltr'><strong>HERO&#39;D‘IANI</strong></span> <span class='ocrx_word' id='word_1_3' title='bbox 962 90 1498 155; x_wconf 31' lang='lat' dir='ltr'><strong>HISTORIAE·</strong></span> 
     </span>
    </p>
   </div>
   <div class='ocr_carea' id='block_1_2' title="bbox 181 208 1625 310">
    <p class='ocr_par' dir='ltr' id='par_1_2' title="bbox 181 208 1625 310">
     <span class='ocr_line' id='line_1_2' title="bbox 181 208 1625 263; baseline -0.001 -12"><span class='ocrx_word' id='word_1_4' title='bbox 181 222 203 246; x_wconf 84' lang='lat'>2</span> <span class='ocrx_word' id='word_1_5' title='bbox 223 211 399 263; x_wconf 81' lang='lat' dir='ltr'>quiddam</span> <span class='ocrx_word' id='word_1_6' title='bbox 422 212 731 251; x_wconf 79' lang='lat' dir='ltr'>comminiscitur·</span> <span class='ocrx_word' id='word_1_7' title='bbox 784 210 868 247; x_wconf 81' lang='lat' dir='ltr'>Erat</span> <span class='ocrx_word' id='word_1_8' title='bbox 889 208 1072 246; x_wconf 73' lang='lat' dir='ltr'>Martialis</span> <span class='ocrx_word' id='word_1_9' title='bbox 1086 210 1248 257; x_wconf 83' lang='lat' dir='ltr'>quidam.</span> <span class='ocrx_word' id='word_1_10' title='bbox 1272 212 1306 257; x_wconf 84' lang='lat' dir='ltr'>s)</span> <span class='ocrx_word' id='word_1_11' title='bbox 1318 212 1504 255; x_wconf 89' lang='lat' dir='ltr'>centurio,</span> <span class='ocrx_word' id='word_1_12' title='bbox 1529 223 1625 251; x_wconf 84' lang='lat' dir='ltr'>vnus</span> 
     </span>
     <span class='ocr_line' id='line_1_3' title="bbox 182 259 1624 310; baseline -0.003 -10"><span class='ocrx_word' id='word_1_13' title='bbox 182 268 202 306; x_wconf 78' lang='lat'><em>3</em></span> <span class='ocrx_word' id='word_1_14' title='bbox 224 277 245 300; x_wconf 88' lang='lat' dir='ltr'>e</span> <span class='ocrx_word' id='word_1_15' title='bbox 262 263 474 300; x_wconf 87' lang='lat' dir='ltr'>custodibus</span> <span class='ocrx_word' id='word_1_16' title='bbox 497 262 663 310; x_wconf 82' lang='lat' dir='ltr'>corporis</span> <span class='ocrx_word' id='word_1_17' title='bbox 683 259 894 301; x_wconf 81' lang='lat' dir='ltr'>Antonini,</span> <span class='ocrx_word' id='word_1_18' title='bbox 919 259 1060 306; x_wconf 85' lang='lat' dir='ltr'>semper</span> <span class='ocrx_word' id='word_1_19' title='bbox 1085 261 1187 297; x_wconf 86' lang='lat' dir='ltr'>illurn</span> <span class='ocrx_word' id='word_1_20' title='bbox 1211 260 1366 298; x_wconf 58' lang='lat' dir='ltr'>affectari</span> <span class='ocrx_word' id='word_1_21' title='bbox 1385 261 1534 298; x_wconf 88' lang='lat' dir='ltr'>solitus:</span> <span class='ocrx_word' id='word_1_22' title='bbox 1560 272 1624 297; x_wconf 89' lang='lat' dir='ltr'>cu..</span> 
     </span>
    </p>
   </div>
   <div class='ocr_carea' id='block_1_3' title="bbox 223 308 1704 359">
    <p class='ocr_par' dir='ltr' id='par_1_3' title="bbox 223 308 1704 359">
     <span class='ocr_line' id='line_1_4' title="bbox 223 308 1704 359; baseline -0.002 -10"><span class='ocrx_word' id='word_1_23' title='bbox 223 313 282 350; x_wconf 90' lang='lat' dir='ltr'>ius</span> <span class='ocrx_word' id='word_1_24' title='bbox 304 312 452 349; x_wconf 87' lang='lat' dir='ltr'>fratrem</span> <span class='ocrx_word' id='word_1_25' title='bbox 480 310 604 359; x_wconf 85' lang='lat' dir='ltr'>paucis</span> <span class='ocrx_word' id='word_1_26' title='bbox 622 321 707 346; x_wconf 88' lang='lat' dir='ltr'>ante</span> <span class='ocrx_word' id='word_1_27' title='bbox 727 308 856 344; x_wconf 87' lang='lat' dir='ltr'>diebus</span> <span class='ocrx_word' id='word_1_28' title='bbox 879 308 1052 356; x_wconf 88' lang='lat' dir='ltr'>princeps</span> <span class='ocrx_word' id='word_1_29' title='bbox 1071 308 1231 345; x_wconf 87' lang='lat' dir='ltr'>delatum</span> <span class='ocrx_word' id='word_1_30' title='bbox 1254 322 1423 353; x_wconf 88' lang='lat' dir='ltr'>tantum,</span> <span class='ocrx_word' id='word_1_31' title='bbox 1459 310 1519 347; x_wconf 84' lang='lat' dir='ltr'>sed</span> <span class='ocrx_word' id='word_1_32' title='bbox 1549 309 1624 346; x_wconf 78' lang='lat' dir='ltr'>mi·</span> <span class='ocrx_word' id='word_1_33' title='bbox 1645 337 1647 339; x_wconf 66' lang='grc'>.</span> <span class='ocrx_word' id='word_1_34' title='bbox 1701 314 1704 318; x_wconf 88' lang='grc'><strong>’</strong></span> 
     </span>
    </p>
   </div>
   <div class='ocr_carea' id='block_1_4' title="bbox 147 356 1624 2270">
    <p class='ocr_par' dir='ltr' id='par_1_4' title="bbox 147 356 1624 2270">
     <span class='ocr_line' id='line_1_5' title="bbox 225 356 1621 409; baseline -0.002 -12"><span class='ocrx_word' id='word_1_35' title='bbox 225 362 329 398; x_wconf 88' lang='lat' dir='ltr'>nime</span> <span class='ocrx_word' id='word_1_36' title='bbox 347 362 587 409; x_wconf 82' lang='lat' dir='ltr'>redargutum</span> <span class='ocrx_word' id='word_1_37' title='bbox 608 359 815 396; x_wconf 77' lang='lat' dir='ltr'>occiderat:</span> <span class='ocrx_word' id='word_1_38' title='bbox 842 356 1251 405; x_wconf 86' lang='lat' dir='ltr'>ipsumqueMartialem</span> <span class='ocrx_word' id='word_1_39' title='bbox 1273 373 1335 406; x_wconf 87' lang='lat' dir='ltr'>per</span> <span class='ocrx_word' id='word_1_40' title='bbox 1353 359 1621 396; x_wconf 82' lang='lat' dir='ltr'>contumeliam</span> 
     </span>
     <span class='ocr_line' id='line_1_6' title="bbox 185 406 1622 458; baseline -0.002 -11"><span class='ocrx_word' id='word_1_41' title='bbox 185 418 208 452; x_wconf 77' lang='grc'><strong>4</strong></span> <span class='ocrx_word' id='word_1_42' title='bbox 227 410 403 448; x_wconf 88' lang='lat' dir='ltr'>timidum</span> <span class='ocrx_word' id='word_1_43' title='bbox 423 422 463 445; x_wconf 88' lang='lat' dir='ltr'>ac</span> <span class='ocrx_word' id='word_1_44' title='bbox 482 410 702 458; x_wconf 86' lang='lat' dir='ltr'>degenerem</span> <span class='ocrx_word' id='word_1_45' title='bbox 722 406 927 443; x_wconf 84' lang='lat' dir='ltr'>etMacrini</span> <span class='ocrx_word' id='word_1_46' title='bbox 941 406 1098 442; x_wconf 89' lang='lat' dir='ltr'>amicum</span> <span class='ocrx_word' id='word_1_47' title='bbox 1110 408 1371 457; x_wconf 87' lang='lat' dir='ltr'>appellauerat.</span> <span class='ocrx_word' id='word_1_48' title='bbox 1422 410 1536 445; x_wconf 87' lang='lat' dir='ltr'>Hunc</span> <span class='ocrx_word' id='word_1_49' title='bbox 1554 420 1622 444; x_wconf 89' lang='lat' dir='ltr'>ve-</span> 
     </span>
     <span class='ocr_line' id='line_1_7' title="bbox 224 454 1623 503; baseline -0.004 -7"><span class='ocrx_word' id='word_1_50' title='bbox 224 461 420 496; x_wconf 88' lang='lat' dir='ltr'>hementer</span> <span class='ocrx_word' id='word_1_51' title='bbox 437 458 629 494; x_wconf 80' lang='lat' dir='ltr'>dolentem</span> <span class='ocrx_word' id='word_1_52' title='bbox 647 456 768 493; x_wconf 87' lang='lat' dir='ltr'>fratris</span> <span class='ocrx_word' id='word_1_53' title='bbox 786 466 903 496; x_wconf 84' lang='lat' dir='ltr'>nece,</span> <span class='ocrx_word' id='word_1_54' title='bbox 929 455 1168 503; x_wconf 79' lang='lat' dir='ltr'>propriisque</span> <span class='ocrx_word' id='word_1_55' title='bbox 1186 456 1380 493; x_wconf 85' lang='lat' dir='ltr'>incitatum</span> <span class='ocrx_word' id='word_1_56' title='bbox 1401 454 1623 492; x_wconf 83' lang='lat' dir='ltr'>contumeli-</span> 
     </span>
     <span class='ocr_line' id='line_1_8' title="bbox 187 502 1621 558; baseline -0.003 -13"><span class='ocrx_word' id='word_1_57' title='bbox 187 514 204 549; x_wconf 87' lang='lat'><em>5</em></span> <span class='ocrx_word' id='word_1_58' title='bbox 224 509 269 550; x_wconf 91' lang='lat' dir='ltr'>is,</span> <span class='ocrx_word' id='word_1_59' title='bbox 292 519 427 557; x_wconf 80' lang='lat' dir='ltr'>gnarus</span> <span class='ocrx_word' id='word_1_60' title='bbox 444 504 826 543; x_wconf 73' lang='lat' dir='ltr'>omnium-Macrinus</span> <span class='ocrx_word' id='word_1_61' title='bbox 838 503 884 539; x_wconf 88' lang='lat' dir='ltr'>ad</span> <span class='ocrx_word' id='word_1_62' title='bbox 905 502 940 540; x_wconf 90' lang='lat' dir='ltr'>se</span> <span class='ocrx_word' id='word_1_63' title='bbox 956 515 1082 558; x_wconf 37' lang='lat' dir='ltr'>‘vocat,</span> <span class='ocrx_word' id='word_1_64' title='bbox 1105 504 1303 543; x_wconf 85' lang='lat' dir='ltr'>studiosum</span> <span class='ocrx_word' id='word_1_65' title='bbox 1321 505 1538 552; x_wconf 88' lang='lat' dir='ltr'>iampridem</span> <span class='ocrx_word' id='word_1_66' title='bbox 1552 503 1621 546; x_wconf 87' lang='lat' dir='ltr'>sui,</span> 
     </span>
     <span class='ocr_line' id='line_1_9' title="bbox 223 551 1620 602; baseline -0.004 -8"><span class='ocrx_word' id='word_1_67' title='bbox 223 570 263 594; x_wconf 87' lang='lat' dir='ltr'>ac</span> <span class='ocrx_word' id='word_1_68' title='bbox 286 557 412 593; x_wconf 91' lang='lat' dir='ltr'>multis</span> <span class='ocrx_word' id='word_1_69' title='bbox 432 555 639 592; x_wconf 58' lang='lat' dir='ltr'>obstrictum</span> <span class='ocrx_word' id='word_1_70' title='bbox 658 551 870 590; x_wconf 84' lang='lat' dir='ltr'>beneficiis:</span> <span class='ocrx_word' id='word_1_71' title='bbox 903 564 965 588; x_wconf 80' lang='lat' dir='ltr'>cui</span> <span class='ocrx_word' id='word_1_72' title='bbox 987 553 1177 600; x_wconf 87' lang='lat' dir='ltr'>persuadet</span> <span class='ocrx_word' id='word_1_73' title='bbox 1196 567 1238 591; x_wconf 84' lang='lat' dir='ltr'>vt</span> <span class='ocrx_word' id='word_1_74' title='bbox 1255 565 1401 602; x_wconf 84' lang='lat' dir='ltr'>captato</span> <span class='ocrx_word' id='word_1_75' title='bbox 1431 552 1620 601; x_wconf 86' lang='lat' dir='ltr'>quampri-</span> 
     </span>
     <span class='ocr_line' id='line_1_10' title="bbox 181 602 1623 652; baseline -0.001 -12"><span class='ocrx_word' id='word_1_76' title='bbox 181 602 323 642; x_wconf 75' lang='lat' dir='ltr'>6¹mum</span> <span class='ocrx_word' id='word_1_77' title='bbox 345 617 516 652; x_wconf 82' lang='lat' dir='ltr'>ternpore</span> <span class='ocrx_word' id='word_1_78' title='bbox 534 603 771 641; x_wconf 83' lang='lat' dir='ltr'>Antoninum</span> <span class='ocrx_word' id='word_1_79' title='bbox 795 603 1008 638; x_wconf 88' lang='lat' dir='ltr'>obtruncet.</span> <span class='ocrx_word' id='word_1_80' title='bbox 1070 604 1158 643; x_wconf 78' lang='lat' dir='ltr'>Ille,</span> <span class='ocrx_word' id='word_1_81' title='bbox 1190 615 1273 638; x_wconf 88' lang='lat' dir='ltr'>cum</span> <span class='ocrx_word' id='word_1_82' title='bbox 1307 603 1480 650; x_wconf 85' lang='lat' dir='ltr'>promiffis</span> <span class='ocrx_word' id='word_1_83' title='bbox 1506 603 1623 643; x_wconf 83' lang='lat' dir='ltr'>addu-</span> 
     </span>
     <span class='ocr_line' id='line_1_11' title="bbox 217 649 1624 700; baseline -0.004 -9"><span class='ocrx_word' id='word_1_84' title='bbox 217 655 321 696; x_wconf 72' lang='grc' dir='ltr'>ἂυε,</span> <span class='ocrx_word' id='word_1_85' title='bbox 345 664 429 690; x_wconf 84' lang='lat' dir='ltr'>tum</span> <span class='ocrx_word' id='word_1_86' title='bbox 458 653 609 700; x_wconf 86' lang='lat' dir='ltr'>proprio</span> <span class='ocrx_word' id='word_1_87' title='bbox 629 652 718 687; x_wconf 87' lang='lat' dir='ltr'>odio</span> <span class='ocrx_word' id='word_1_88' title='bbox 750 663 790 686; x_wconf 89' lang='lat' dir='ltr'>ac</span> <span class='ocrx_word' id='word_1_89' title='bbox 807 650 990 687; x_wconf 64' lang='lat' dir='ltr'>vinditiae</span> <span class='ocrx_word' id='word_1_90' title='bbox 1008 649 1193 688; x_wconf 84' lang='lat' dir='ltr'>fraternae</span> <span class='ocrx_word' id='word_1_91' title='bbox 1218 652 1337 688; x_wconf 88' lang='lat' dir='ltr'>studio</span> <span class='ocrx_word' id='word_1_92' title='bbox 1357 652 1554 693; x_wconf 89' lang='lat' dir='ltr'>incitatus,</span> <span class='ocrx_word' id='word_1_93' title='bbox 1580 649 1624 686; x_wconf 91' lang='lat' dir='ltr'>li-</span> 
     </span>
     <span class='ocr_line' id='line_1_12' title="bbox 218 699 1622 748; baseline -0.002 -9"><span class='ocrx_word' id='word_1_94' title='bbox 218 704 354 740; x_wconf 81' lang='lat' dir='ltr'>benter</span> <span class='ocrx_word' id='word_1_95' title='bbox 377 703 503 739; x_wconf 88' lang='lat' dir='ltr'>omnia</span> <span class='ocrx_word' id='word_1_96' title='bbox 525 702 560 739; x_wconf 90' lang='lat' dir='ltr'>se</span> <span class='ocrx_word' id='word_1_97' title='bbox 575 702 757 738; x_wconf 56' lang='lat' dir='ltr'>facturum</span> <span class='ocrx_word' id='word_1_98' title='bbox 778 699 996 747; x_wconf 86' lang='lat' dir='ltr'>pollicetur,</span> <span class='ocrx_word' id='word_1_99' title='bbox 1026 711 1141 747; x_wconf 88' lang='lat' dir='ltr'>quum</span> <span class='ocrx_word' id='word_1_100' title='bbox 1176 703 1336 748; x_wconf 85' lang='lat' dir='ltr'>primum</span> <span class='ocrx_word' id='word_1_101' title='bbox 1366 701 1505 736; x_wconf 82' lang='lat' dir='ltr'>occafio</span> <span class='ocrx_word' id='word_1_102' title='bbox 1533 712 1622 737; x_wconf 83' lang='lat' dir='ltr'>eue-</span> 
     </span>
     <span class='ocr_line' id='line_1_13' title="bbox 179 748 1622 799; baseline -0.004 -11"><span class='ocrx_word' id='word_1_103' title='bbox 179 761 204 795; x_wconf 84' lang='lat'><strong><em>7</em></strong></span> <span class='ocrx_word' id='word_1_104' title='bbox 222 752 340 789; x_wconf 86' lang='lat' dir='ltr'>nisset.</span> <span class='ocrx_word' id='word_1_105' title='bbox 394 751 529 788; x_wconf 83' lang='lat' dir='ltr'>Euenit</span> <span class='ocrx_word' id='word_1_106' title='bbox 541 763 663 788; x_wconf 88' lang='lat' dir='ltr'>autem</span> <span class='ocrx_word' id='word_1_107' title='bbox 677 750 774 786; x_wconf 85' lang='lat' dir='ltr'>haud</span> <span class='ocrx_word' id='word_1_108' title='bbox 785 750 906 784; x_wconf 86' lang='lat' dir='ltr'>multo</span> <span class='ocrx_word' id='word_1_109' title='bbox 927 750 959 795; x_wconf 86' lang='lat' dir='ltr'>t)</span> <span class='ocrx_word' id='word_1_110' title='bbox 971 749 1217 796; x_wconf 73' lang='lat' dir='ltr'>post3quippe</span> <span class='ocrx_word' id='word_1_111' title='bbox 1227 762 1336 799; x_wconf 84' lang='lat' dir='ltr'>agens</span> <span class='ocrx_word' id='word_1_112' title='bbox 1349 748 1497 786; x_wconf 90' lang='lat' dir='ltr'>Carrhis</span> <span class='ocrx_word' id='word_1_113' title='bbox 1509 753 1622 795; x_wconf 86' lang='lat' dir='ltr'>(quae</span> 
     </span>
     <span class='ocr_line' id='line_1_14' title="bbox 217 796 1620 849; baseline -0.004 -11"><span class='ocrx_word' id='word_1_114' title='bbox 217 801 268 838; x_wconf 84' lang='lat' dir='ltr'>est</span> <span class='ocrx_word' id='word_1_115' title='bbox 285 800 579 849; x_wconf 78' lang='lat' dir='ltr'>Mesopotamiae</span> <span class='ocrx_word' id='word_1_116' title='bbox 598 800 697 844; x_wconf 65' lang='lat' dir='ltr'>vrbs)</span> <span class='ocrx_word' id='word_1_117' title='bbox 730 796 969 840; x_wconf 81' lang='lat' dir='ltr'>Antoninus,</span> <span class='ocrx_word' id='word_1_118' title='bbox 1009 800 1098 834; x_wconf 88' lang='lat' dir='ltr'>deae</span> <span class='ocrx_word' id='word_1_119' title='bbox 1118 799 1242 835; x_wconf 88' lang='lat' dir='ltr'>Lunae</span> <span class='ocrx_word' id='word_1_120' title='bbox 1268 798 1395 835; x_wconf 78' lang='lat' dir='ltr'>inuilit</span> <span class='ocrx_word' id='word_1_121' title='bbox 1424 799 1620 846; x_wconf 90' lang='lat' dir='ltr'>templum,</span> 
     </span>
     <span class='ocr_line' id='line_1_15' title="bbox 219 847 1623 898; baseline -0.003 -12"><span class='ocrx_word' id='word_1_122' title='bbox 219 850 321 898; x_wconf 86' lang='lat' dir='ltr'>quod</span> <span class='ocrx_word' id='word_1_123' title='bbox 344 848 382 885; x_wconf 89' lang='lat' dir='ltr'>in</span> <span class='ocrx_word' id='word_1_124' title='bbox 398 863 443 886; x_wconf 82' lang='lat' dir='ltr'>ea</span> <span class='ocrx_word' id='word_1_125' title='bbox 465 848 637 897; x_wconf 79' lang='lat' dir='ltr'>regione,</span> <span class='ocrx_word' id='word_1_126' title='bbox 661 847 796 883; x_wconf 78' lang='lat' dir='ltr'>distans</span> <span class='ocrx_word' id='word_1_127' title='bbox 813 847 1045 894; x_wconf 85' lang='lat' dir='ltr'>aliquantum</span> <span class='ocrx_word' id='word_1_128' title='bbox 1064 850 1109 884; x_wconf 89' lang='lat' dir='ltr'>ab</span> <span class='ocrx_word' id='word_1_129' title='bbox 1130 849 1232 889; x_wconf 88' lang='lat' dir='ltr'>vrbe,</span> <span class='ocrx_word' id='word_1_130' title='bbox 1259 848 1455 895; x_wconf 88' lang='lat' dir='ltr'>praecipuo</span> <span class='ocrx_word' id='word_1_131' title='bbox 1475 849 1623 884; x_wconf 87' lang='lat' dir='ltr'>honore</span> 
     </span>
     <span class='ocr_line' id='line_1_16' title="bbox 178 896 1624 943; baseline -0.002 -7"><span class='ocrx_word' id='word_1_132' title='bbox 178 907 198 940; x_wconf 85' lang='lat'>8</span> <span class='ocrx_word' id='word_1_133' title='bbox 220 901 263 936; x_wconf 88' lang='lat' dir='ltr'>ab</span> <span class='ocrx_word' id='word_1_134' title='bbox 285 900 416 935; x_wconf 81' lang='lat' dir='ltr'>incolis</span> <span class='ocrx_word' id='word_1_135' title='bbox 434 899 584 935; x_wconf 85' lang='lat' dir='ltr'>colitur.</span> <span class='ocrx_word' id='word_1_136' title='bbox 633 898 688 933; x_wconf 63' lang='lat' dir='ltr'>iso</span> <span class='ocrx_word' id='word_1_137' title='bbox 710 897 830 933; x_wconf 86' lang='lat' dir='ltr'>secum</span> <span class='ocrx_word' id='word_1_138' title='bbox 850 908 987 943; x_wconf 89' lang='lat' dir='ltr'>paucos</span> <span class='ocrx_word' id='word_1_139' title='bbox 1005 896 1174 942; x_wconf 80' lang='lat' dir='ltr'>equitum</span> <span class='ocrx_word' id='word_1_140' title='bbox 1196 897 1324 934; x_wconf 86' lang='lat' dir='ltr'>eduxit</span> <span class='ocrx_word' id='word_1_141' title='bbox 1338 922 1348 939; x_wconf 94' lang='lat'><strong>‚</strong></span> <span class='ocrx_word' id='word_1_142' title='bbox 1375 897 1500 933; x_wconf 69' lang='lat' dir='ltr'>reliflo</span> <span class='ocrx_word' id='word_1_143' title='bbox 1520 909 1624 933; x_wconf 83' lang='lat' dir='ltr'>exer-</span> 
     </span>
     <span class='ocr_line' id='line_1_17' title="bbox 176 945 1619 994; baseline -0.001 -11"><span class='ocrx_word' id='word_1_144' title='bbox 176 960 200 994; x_wconf 82' lang='lat'>9</span> <span class='ocrx_word' id='word_1_145' title='bbox 219 948 295 984; x_wconf 90' lang='lat' dir='ltr'>citu</span> <span class='ocrx_word' id='word_1_146' title='bbox 317 958 486 989; x_wconf 87' lang='lat' dir='ltr'>caetero,</span> <span class='ocrx_word' id='word_1_147' title='bbox 511 958 551 982; x_wconf 90' lang='lat' dir='ltr'>vt</span> <span class='ocrx_word' id='word_1_148' title='bbox 570 945 744 981; x_wconf 79' lang='lat' dir='ltr'>sacrificio</span> <span class='ocrx_word' id='word_1_149' title='bbox 762 945 859 981; x_wconf 61' lang='lat' dir='ltr'>fatto</span> <span class='ocrx_word' id='word_1_150' title='bbox 885 945 922 981; x_wconf 89' lang='lat' dir='ltr'>in</span> <span class='ocrx_word' id='word_1_151' title='bbox 945 946 1071 980; x_wconf 88' lang='lat' dir='ltr'>vrbem</span> <span class='ocrx_word' id='word_1_152' title='bbox 1092 957 1352 982; x_wconf 88' lang='lat' dir='ltr'>reuerteretur.</span> <span class='ocrx_word' id='word_1_153' title='bbox 1399 945 1530 982; x_wconf 89' lang='lat' dir='ltr'>Medio</span> <span class='ocrx_word' id='word_1_154' title='bbox 1551 957 1619 982; x_wconf 90' lang='lat' dir='ltr'>au-</span> 
     </span>
     <span class='ocr_line' id='line_1_18' title="bbox 218 993 1619 1042; baseline -0.001 -9"><span class='ocrx_word' id='word_1_155' title='bbox 218 1008 292 1033; x_wconf 84' lang='lat' dir='ltr'>tem</span> <span class='ocrx_word' id='word_1_156' title='bbox 315 997 469 1037; x_wconf 84' lang='lat' dir='ltr'>itinere,</span> <span class='ocrx_word' id='word_1_157' title='bbox 497 1008 572 1032; x_wconf 92' lang='lat' dir='ltr'>vno</span> <span class='ocrx_word' id='word_1_158' title='bbox 603 1005 747 1032; x_wconf 83' lang='lat' dir='ltr'>tantum</span> <span class='ocrx_word' id='word_1_159' title='bbox 775 995 917 1030; x_wconf 80' lang='lat' dir='ltr'>&#39;famulo</span> <span class='ocrx_word' id='word_1_160' title='bbox 948 993 1167 1035; x_wconf 81' lang='lat' dir='ltr'>comitatus,</span> <span class='ocrx_word' id='word_1_161' title='bbox 1213 1007 1253 1029; x_wconf 89' lang='lat' dir='ltr'>ac</span> <span class='ocrx_word' id='word_1_162' title='bbox 1281 995 1434 1042; x_wconf 87' lang='lat' dir='ltr'>reliquis</span> <span class='ocrx_word' id='word_1_163' title='bbox 1454 994 1619 1031; x_wconf 75' lang='lat' dir='ltr'>absistere</span> 
     </span>
     <span class='ocr_line' id='line_1_19' title="bbox 155 1042 1619 1091; baseline -0.001 -10"><span class='ocrx_word' id='word_1_164' title='bbox 155 1045 332 1086; x_wconf 83' lang='lat' dir='ltr'>10iuffis,</span> <span class='ocrx_word' id='word_1_165' title='bbox 371 1045 513 1082; x_wconf 81' lang='lat' dir='ltr'>recessit</span> <span class='ocrx_word' id='word_1_166' title='bbox 540 1044 586 1080; x_wconf 87' lang='lat' dir='ltr'>ad</span> <span class='ocrx_word' id='word_1_167' title='bbox 617 1042 785 1091; x_wconf 66' lang='lat' dir='ltr'>requisita</span> <span class='ocrx_word' id='word_1_168' title='bbox 816 1054 979 1079; x_wconf 88' lang='lat' dir='ltr'>naturae.</span> <span class='ocrx_word' id='word_1_169' title='bbox 1031 1043 1154 1090; x_wconf 84' lang='lat' dir='ltr'>Qare</span> <span class='ocrx_word' id='word_1_170' title='bbox 1183 1043 1311 1079; x_wconf 84' lang='lat' dir='ltr'>auerfis</span> <span class='ocrx_word' id='word_1_171' title='bbox 1339 1044 1535 1084; x_wconf 86' lang='lat' dir='ltr'>omnibus,</span> <span class='ocrx_word' id='word_1_172' title='bbox 1579 1055 1619 1082; x_wconf 91' lang='lat' dir='ltr'>et</span> 
     </span>
     <span class='ocr_line' id='line_1_20' title="bbox 154 1091 1619 1142; baseline -0.001 -12"><span class='ocrx_word' id='word_1_173' title='bbox 154 1110 194 1135; x_wconf 81' lang='lat'>11</span> <span class='ocrx_word' id='word_1_174' title='bbox 217 1106 327 1142; x_wconf 82' lang='lat' dir='ltr'>quam</span> <span class='ocrx_word' id='word_1_175' title='bbox 348 1094 552 1142; x_wconf 83' lang='lat' dir='ltr'>longiffime</span> <span class='ocrx_word' id='word_1_176' title='bbox 573 1092 856 1134; x_wconf 81' lang='lat' dir='ltr'>recedentibus,</span> <span class='ocrx_word' id='word_1_177' title='bbox 884 1092 1040 1128; x_wconf 89' lang='lat' dir='ltr'>honoris</span> <span class='ocrx_word' id='word_1_178' title='bbox 1062 1105 1099 1126; x_wconf 86' lang='lat' dir='ltr'>ac</span> <span class='ocrx_word' id='word_1_179' title='bbox 1121 1091 1354 1129; x_wconf 85' lang='lat' dir='ltr'>reuerentiae</span> <span class='ocrx_word' id='word_1_180' title='bbox 1375 1092 1490 1133; x_wconf 85' lang='lat' dir='ltr'>causa,</span> <span class='ocrx_word' id='word_1_181' title='bbox 1517 1093 1619 1129; x_wconf 88' lang='lat' dir='ltr'>Mar-</span> 
     </span>
     <span class='ocr_line' id='line_1_21' title="bbox 211 1140 1616 1189; baseline -0.001 -9"><span class='ocrx_word' id='word_1_182' title='bbox 211 1143 333 1182; x_wconf 83' lang='lat' dir='ltr'>tialis,</span> <span class='ocrx_word' id='word_1_183' title='bbox 357 1145 425 1189; x_wconf 70' lang='lat' dir='ltr'>‘qui</span> <span class='ocrx_word' id='word_1_184' title='bbox 445 1155 576 1180; x_wconf 88' lang='lat' dir='ltr'>omnes</span> <span class='ocrx_word' id='word_1_185' title='bbox 594 1140 806 1188; x_wconf 82' lang='lat' dir='ltr'>temporum</span> <span class='ocrx_word' id='word_1_186' title='bbox 829 1143 997 1187; x_wconf 86' lang='lat' dir='ltr'>captabat</span> <span class='ocrx_word' id='word_1_187' title='bbox 1021 1141 1210 1182; x_wconf 81' lang='lat' dir='ltr'>articulos,</span> <span class='ocrx_word' id='word_1_188' title='bbox 1241 1153 1283 1176; x_wconf 91' lang='lat' dir='ltr'>vt</span> <span class='ocrx_word' id='word_1_189' title='bbox 1301 1154 1385 1177; x_wconf 87' lang='lat' dir='ltr'>eum</span> <span class='ocrx_word' id='word_1_190' title='bbox 1407 1142 1522 1178; x_wconf 82' lang='lat' dir='ltr'>solum</span> <span class='ocrx_word' id='word_1_191' title='bbox 1545 1140 1616 1178; x_wconf 80' lang='lat' dir='ltr'>else</span> 
     </span>
     <span class='ocr_line' id='line_1_22' title="bbox 210 1189 1621 1237; baseline -0.001 -9"><span class='ocrx_word' id='word_1_192' title='bbox 210 1191 501 1234; x_wconf 79' lang='lat' dir='ltr'>animaduertit,</span> <span class='ocrx_word' id='word_1_193' title='bbox 536 1204 604 1229; x_wconf 88' lang='lat' dir='ltr'>ceu</span> <span class='ocrx_word' id='word_1_194' title='bbox 626 1201 719 1226; x_wconf 86' lang='lat' dir='ltr'>nutu</span> <span class='ocrx_word' id='word_1_195' title='bbox 741 1189 918 1237; x_wconf 80' lang='lat' dir='ltr'>principis</span> <span class='ocrx_word' id='word_1_196' title='bbox 936 1191 980 1226; x_wconf 94' lang='lat' dir='ltr'>ad</span> <span class='ocrx_word' id='word_1_197' title='bbox 1004 1189 1206 1225; x_wconf 87' lang='lat' dir='ltr'>videndum</span> <span class='ocrx_word' id='word_1_198' title='bbox 1227 1191 1390 1237; x_wconf 84' lang='lat' dir='ltr'>aliquid,</span> <span class='ocrx_word' id='word_1_199' title='bbox 1426 1200 1490 1226; x_wconf 86' lang='lat' dir='ltr'>aut</span> <span class='ocrx_word' id='word_1_200' title='bbox 1517 1190 1621 1227; x_wconf 83' lang='lat' dir='ltr'>audi-</span> 
     </span>
     <span class='ocr_line' id='line_1_23' title="bbox 213 1237 1622 1286; baseline -0.001 -9"><span class='ocrx_word' id='word_1_201' title='bbox 213 1243 354 1278; x_wconf 74' lang='lat' dir='ltr'>endum</span> <span class='ocrx_word' id='word_1_202' title='bbox 375 1251 550 1280; x_wconf 86' lang='lat' dir='ltr'>vocatus,</span> <span class='ocrx_word' id='word_1_203' title='bbox 576 1237 735 1276; x_wconf 84' lang='lat' dir='ltr'>accurrit</span> <span class='ocrx_word' id='word_1_204' title='bbox 761 1238 885 1281; x_wconf 74' lang='lat' dir='ltr'>illico,</span> <span class='ocrx_word' id='word_1_205' title='bbox 918 1241 1157 1285; x_wconf 76' lang='lat' dir='ltr'>aueriumque</span> <span class='ocrx_word' id='word_1_206' title='bbox 1176 1250 1214 1275; x_wconf 90' lang='lat' dir='ltr'>et</span> <span class='ocrx_word' id='word_1_207' title='bbox 1229 1239 1446 1286; x_wconf 82' lang='lat' dir='ltr'>subligacula</span> <span class='ocrx_word' id='word_1_208' title='bbox 1475 1238 1538 1276; x_wconf 87' lang='lat' dir='ltr'>fibi</span> <span class='ocrx_word' id='word_1_209' title='bbox 1558 1239 1622 1275; x_wconf 85' lang='lat' dir='ltr'>de-</span> 
     </span>
     <span class='ocr_line' id='line_1_24' title="bbox 155 1287 1620 1339; baseline -0.001 -13"><span class='ocrx_word' id='word_1_210' title='bbox 155 1307 198 1332; x_wconf 86' lang='lat'>12</span> <span class='ocrx_word' id='word_1_211' title='bbox 218 1291 418 1326; x_wconf 83' lang='lat' dir='ltr'>ducentem</span> <span class='ocrx_word' id='word_1_212' title='bbox 438 1289 604 1339; x_wconf 85' lang='lat' dir='ltr'>pugione</span> <span class='ocrx_word' id='word_1_213' title='bbox 627 1287 785 1329; x_wconf 84' lang='lat' dir='ltr'>traiicit,</span> <span class='ocrx_word' id='word_1_214' title='bbox 823 1300 932 1335; x_wconf 87' lang='lat' dir='ltr'>quern</span> <span class='ocrx_word' id='word_1_215' title='bbox 961 1289 1122 1323; x_wconf 88' lang='lat' dir='ltr'>celatum</span> <span class='ocrx_word' id='word_1_216' title='bbox 1153 1300 1264 1323; x_wconf 81' lang='lat' dir='ltr'>manu</span> <span class='ocrx_word' id='word_1_217' title='bbox 1296 1288 1478 1323; x_wconf 85' lang='lat' dir='ltr'>attulerat:</span> <span class='ocrx_word' id='word_1_218' title='bbox 1521 1289 1562 1334; x_wconf 79' lang='lat' dir='ltr'>v)</span> <span class='ocrx_word' id='word_1_219' title='bbox 1581 1298 1620 1324; x_wconf 87' lang='lat' dir='ltr'>et</span> 
     </span>
     <span class='ocr_line' id='line_1_25' title="bbox 217 1336 1621 1387; baseline -0.001 -13"><span class='ocrx_word' id='word_1_220' title='bbox 217 1351 332 1387; x_wconf 83' lang='lat' dir='ltr'>quum</span> <span class='ocrx_word' id='word_1_221' title='bbox 351 1339 391 1375; x_wconf 89' lang='lat' dir='ltr'>in</span> <span class='ocrx_word' id='word_1_222' title='bbox 410 1338 522 1386; x_wconf 81' lang='lat' dir='ltr'>ipsam</span> <span class='ocrx_word' id='word_1_223' title='bbox 545 1336 752 1374; x_wconf 66' lang='lat' dir='ltr'>iu&#39;nfluram</span> <span class='ocrx_word' id='word_1_224' title='bbox 773 1337 908 1372; x_wconf 84' lang='lat' dir='ltr'>ferrum</span> <span class='ocrx_word' id='word_1_225' title='bbox 931 1336 1132 1378; x_wconf 72' lang='lat' dir='ltr'>incidisset,</span> <span class='ocrx_word' id='word_1_226' title='bbox 1160 1336 1284 1372; x_wconf 85' lang='lat' dir='ltr'>lethali</span> <span class='ocrx_word' id='word_1_227' title='bbox 1308 1337 1448 1373; x_wconf 82' lang='lat' dir='ltr'>scilicet</span> <span class='ocrx_word' id='word_1_228' title='bbox 1466 1338 1621 1372; x_wconf 87' lang='lat' dir='ltr'>vulnere</span> 
     </span>
     <span class='ocr_line' id='line_1_26' title="bbox 153 1385 1618 1438; baseline -0.003 -14"><span class='ocrx_word' id='word_1_229' title='bbox 153 1400 196 1438; x_wconf 79' lang='lat'>13</span> <span class='ocrx_word' id='word_1_230' title='bbox 219 1391 265 1424; x_wconf 90' lang='lat' dir='ltr'>de</span> <span class='ocrx_word' id='word_1_231' title='bbox 299 1388 501 1434; x_wconf 87' lang='lat' dir='ltr'>improuiso</span> <span class='ocrx_word' id='word_1_232' title='bbox 529 1385 743 1424; x_wconf 75' lang='lat' dir='ltr'>Antoninus</span> <span class='ocrx_word' id='word_1_233' title='bbox 772 1386 927 1421; x_wconf 89' lang='lat' dir='ltr'>minime</span> <span class='ocrx_word' id='word_1_234' title='bbox 954 1385 1129 1422; x_wconf 83' lang='lat' dir='ltr'>defensus</span> <span class='ocrx_word' id='word_1_235' title='bbox 1157 1386 1346 1422; x_wconf 86' lang='lat' dir='ltr'>occubuit.</span> <span class='ocrx_word' id='word_1_236' title='bbox 1400 1388 1487 1431; x_wconf 82' lang='lat' dir='ltr'>Qo</span> <span class='ocrx_word' id='word_1_237' title='bbox 1506 1385 1618 1427; x_wconf 71' lang='lat' dir='ltr'>fasto,</span> 
     </span>
     <span class='ocr_line' id='line_1_27' title="bbox 216 1434 1618 1482; baseline -0.002 -8"><span class='ocrx_word' id='word_1_238' title='bbox 216 1437 397 1474; x_wconf 84' lang='lat' dir='ltr'>Martialis</span> <span class='ocrx_word' id='word_1_239' title='bbox 418 1438 544 1473; x_wconf 77' lang='lat' dir='ltr'>statum</span> <span class='ocrx_word' id='word_1_240' title='bbox 564 1448 702 1482; x_wconf 85' lang='lat' dir='ltr'>equum</span> <span class='ocrx_word' id='word_1_241' title='bbox 723 1434 919 1476; x_wconf 76' lang='lat' dir='ltr'>inscendit,</span> <span class='ocrx_word' id='word_1_242' title='bbox 944 1446 984 1469; x_wconf 90' lang='lat' dir='ltr'>ac</span> <span class='ocrx_word' id='word_1_243' title='bbox 1004 1434 1091 1481; x_wconf 81' lang='lat' dir='ltr'>fuga</span> <span class='ocrx_word' id='word_1_244' title='bbox 1112 1435 1269 1471; x_wconf 87' lang='lat' dir='ltr'>euadere</span> <span class='ocrx_word' id='word_1_245' title='bbox 1288 1447 1465 1470; x_wconf 89' lang='lat' dir='ltr'>conatur:</span> <span class='ocrx_word' id='word_1_246' title='bbox 1497 1445 1618 1471; x_wconf 87' lang='lat' dir='ltr'>caete·</span> 
     </span>
     <span class='ocr_line' id='line_1_28' title="bbox 216 1482 1620 1532; baseline -0.003 -10"><span class='ocrx_word' id='word_1_247' title='bbox 216 1498 298 1522; x_wconf 85' lang='lat' dir='ltr'>rum</span> <span class='ocrx_word' id='word_1_248' title='bbox 319 1486 495 1522; x_wconf 82' lang='lat' dir='ltr'>Germani</span> <span class='ocrx_word' id='word_1_249' title='bbox 517 1485 684 1532; x_wconf 87' lang='lat' dir='ltr'>equites,</span> <span class='ocrx_word' id='word_1_250' title='bbox 710 1485 846 1531; x_wconf 85' lang='lat' dir='ltr'>quibus</span> <span class='ocrx_word' id='word_1_251' title='bbox 867 1496 903 1520; x_wconf 90' lang='lat' dir='ltr'>et</span> <span class='ocrx_word' id='word_1_252' title='bbox 921 1484 1167 1521; x_wconf 61' lang='lat' dir='ltr'>deletiabatur</span> <span class='ocrx_word' id='word_1_253' title='bbox 1186 1482 1417 1523; x_wconf 80' lang='lat' dir='ltr'>Antoninus,</span> <span class='ocrx_word' id='word_1_254' title='bbox 1443 1495 1483 1520; x_wconf 92' lang='lat' dir='ltr'>et</span> <span class='ocrx_word' id='word_1_255' title='bbox 1501 1483 1620 1519; x_wconf 83' lang='lat' dir='ltr'>custo·-</span> 
     </span>
     <span class='ocr_line' id='line_1_29' title="bbox 212 1532 1614 1580; baseline -0.001 -10"><span class='ocrx_word' id='word_1_256' title='bbox 212 1535 324 1572; x_wconf 79' lang='lat' dir='ltr'>dibus</span> <span class='ocrx_word' id='word_1_257' title='bbox 339 1535 507 1580; x_wconf 79' lang='lat' dir='ltr'>corporis</span> <span class='ocrx_word' id='word_1_258' title='bbox 526 1535 695 1570; x_wconf 79' lang='lat' dir='ltr'>vtebatur</span> <span class='ocrx_word' id='word_1_259' title='bbox 708 1558 717 1574; x_wconf 90' lang='lat'>,</span> <span class='ocrx_word' id='word_1_260' title='bbox 747 1533 938 1579; x_wconf 79' lang='lat' dir='ltr'>propiores</span> <span class='ocrx_word' id='word_1_261' title='bbox 959 1534 1126 1574; x_wconf 87' lang='lat' dir='ltr'>caeteris,</span> <span class='ocrx_word' id='word_1_262' title='bbox 1156 1534 1338 1580; x_wconf 87' lang='lat' dir='ltr'>primique</span> <span class='ocrx_word' id='word_1_263' title='bbox 1358 1532 1502 1568; x_wconf 79' lang='lat' dir='ltr'>facinus</span> <span class='ocrx_word' id='word_1_264' title='bbox 1522 1545 1614 1568; x_wconf 88' lang='lat' dir='ltr'>con-</span> 
     </span>
     <span class='ocr_line' id='line_1_30' title="bbox 155 1581 1623 1631; baseline -0.001 -12"><span class='ocrx_word' id='word_1_265' title='bbox 155 1597 198 1631; x_wconf 83' lang='lat'>¹4</span> <span class='ocrx_word' id='word_1_266' title='bbox 217 1583 359 1630; x_wconf 84' lang='lat' dir='ltr'>spicati,</span> <span class='ocrx_word' id='word_1_267' title='bbox 383 1583 588 1621; x_wconf 85' lang='lat' dir='ltr'>Martialem</span> <span class='ocrx_word' id='word_1_268' title='bbox 612 1583 826 1629; x_wconf 82' lang='lat' dir='ltr'>consequuti</span> <span class='ocrx_word' id='word_1_269' title='bbox 841 1581 1028 1617; x_wconf 81' lang='lat' dir='ltr'>miffilibus</span> <span class='ocrx_word' id='word_1_270' title='bbox 1051 1582 1290 1618; x_wconf 82' lang='lat' dir='ltr'>confodiunt.</span> <span class='ocrx_word' id='word_1_271' title='bbox 1343 1581 1458 1625; x_wconf 87' lang='lat' dir='ltr'>Quod</span> <span class='ocrx_word' id='word_1_272' title='bbox 1479 1581 1538 1617; x_wconf 91' lang='lat' dir='ltr'>vbi</span> <span class='ocrx_word' id='word_1_273' title='bbox 1559 1582 1623 1618; x_wconf 47' lang='lat' dir='ltr'>ex?</span> 
     </span>
     <span class='ocr_line' id='line_1_31' title="bbox 216 1629 1621 1679; baseline -0.001 -11"><span class='ocrx_word' id='word_1_274' title='bbox 216 1631 355 1668; x_wconf 83' lang='lat' dir='ltr'>ercitus</span> <span class='ocrx_word' id='word_1_275' title='bbox 375 1632 540 1679; x_wconf 76' lang='lat' dir='ltr'>reliquus</span> <span class='ocrx_word' id='word_1_276' title='bbox 561 1631 744 1679; x_wconf 75' lang='lat' dir='ltr'>cognouit</span> <span class='ocrx_word' id='word_1_277' title='bbox 759 1656 767 1670; x_wconf 91' lang='lat'>‚</span> <span class='ocrx_word' id='word_1_278' title='bbox 794 1644 926 1667; x_wconf 87' lang='lat' dir='ltr'>omnes</span> <span class='ocrx_word' id='word_1_279' title='bbox 946 1632 1068 1673; x_wconf 80' lang='lat' dir='ltr'>subito</span> <span class='ocrx_word' id='word_1_280' title='bbox 1089 1642 1375 1672; x_wconf 88' lang='lat' dir='ltr'>concurrerunt,</span> <span class='ocrx_word' id='word_1_281' title='bbox 1405 1629 1621 1678; x_wconf 86' lang='lat' dir='ltr'>primusque</span> 
     </span>
     <span class='ocr_line' id='line_1_32' title="bbox 215 1679 1618 1728; baseline 0.001 -13"><span class='ocrx_word' id='word_1_282' title='bbox 215 1682 406 1719; x_wconf 84' lang='lat' dir='ltr'>Macrinus</span> <span class='ocrx_word' id='word_1_283' title='bbox 425 1680 527 1728; x_wconf 83' lang='lat' dir='ltr'>supra</span> <span class='ocrx_word' id='word_1_284' title='bbox 547 1682 700 1717; x_wconf 85' lang='lat' dir='ltr'>cadauer</span> <span class='ocrx_word' id='word_1_285' title='bbox 721 1680 903 1727; x_wconf 83' lang='lat' dir='ltr'>conqueri</span> <span class='ocrx_word' id='word_1_286' title='bbox 924 1692 966 1715; x_wconf 89' lang='lat' dir='ltr'>ac</span> <span class='ocrx_word' id='word_1_287' title='bbox 985 1681 1226 1716; x_wconf 87' lang='lat' dir='ltr'>delamentari</span> <span class='ocrx_word' id='word_1_288' title='bbox 1254 1693 1319 1727; x_wconf 89' lang='lat' dir='ltr'>per</span> <span class='ocrx_word' id='word_1_289' title='bbox 1346 1679 1618 1716; x_wconf 74' lang='lat' dir='ltr'>simulationem</span> 
     </span>
     <span class='ocr_line' id='line_1_33' title="bbox 152 1728 1616 1784; baseline -0.001 -19"><span class='ocrx_word' id='word_1_290' title='bbox 152 1750 196 1784; x_wconf 13' lang='lat'>1⁸5</span> <span class='ocrx_word' id='word_1_291' title='bbox 216 1731 356 1776; x_wconf 74' lang='lat' dir='ltr'>coepit.</span> <span class='ocrx_word' id='word_1_292' title='bbox 405 1730 537 1767; x_wconf 88' lang='lat' dir='ltr'>Grauis</span> <span class='ocrx_word' id='word_1_293' title='bbox 556 1742 595 1766; x_wconf 89' lang='lat' dir='ltr'>ea</span> <span class='ocrx_word' id='word_1_294' title='bbox 615 1741 672 1764; x_wconf 88' lang='lat' dir='ltr'>res</span> <span class='ocrx_word' id='word_1_295' title='bbox 691 1741 729 1765; x_wconf 91' lang='lat' dir='ltr'>et</span> <span class='ocrx_word' id='word_1_296' title='bbox 751 1730 897 1766; x_wconf 86' lang='lat' dir='ltr'>molesta</span> <span class='ocrx_word' id='word_1_297' title='bbox 919 1729 1099 1766; x_wconf 84' lang='lat' dir='ltr'>militibus</span> <span class='ocrx_word' id='word_1_298' title='bbox 1118 1742 1248 1777; x_wconf 87' lang='lat' dir='ltr'>quoque</span> <span class='ocrx_word' id='word_1_299' title='bbox 1267 1729 1422 1770; x_wconf 86' lang='lat' dir='ltr'>incidit,</span> <span class='ocrx_word' id='word_1_300' title='bbox 1456 1728 1616 1764; x_wconf 87' lang='lat' dir='ltr'>commi-</span> 
     </span>
     <span class='ocr_line' id='line_1_34' title="bbox 216 1776 1618 1826; baseline 0.001 -13"><span class='ocrx_word' id='word_1_301' title='bbox 216 1778 372 1814; x_wconf 89' lang='lat' dir='ltr'>litonem</span> <span class='ocrx_word' id='word_1_302' title='bbox 394 1779 723 1824; x_wconf 63' lang='lat' dir='ltr'>conuifioremque</span> <span class='ocrx_word' id='word_1_303' title='bbox 741 1779 899 1826; x_wconf 66' lang='lat' dir='ltr'>atiquem</span> <span class='ocrx_word' id='word_1_304' title='bbox 924 1777 1095 1820; x_wconf 77' lang='lat' dir='ltr'>amiliss&#39;e,</span> <span class='ocrx_word' id='word_1_305' title='bbox 1129 1791 1205 1813; x_wconf 87' lang='lat' dir='ltr'>non</span> <span class='ocrx_word' id='word_1_306' title='bbox 1236 1777 1462 1825; x_wconf 79' lang='lat' dir='ltr'>principem,</span> <span class='ocrx_word' id='word_1_307' title='bbox 1497 1776 1618 1814; x_wconf 85' lang='lat' dir='ltr'>existi-</span> 
     </span>
     <span class='ocr_line' id='line_1_35' title="bbox 154 1826 1614 1875; baseline -0.001 -13"><span class='ocrx_word' id='word_1_308' title='bbox 154 1838 197 1870; x_wconf 77' lang='lat'>16</span> <span class='ocrx_word' id='word_1_309' title='bbox 217 1829 418 1864; x_wconf 82' lang='lat' dir='ltr'>mantibus.</span> <span class='ocrx_word' id='word_1_310' title='bbox 471 1829 605 1875; x_wconf 88' lang='lat' dir='ltr'>Neque</span> <span class='ocrx_word' id='word_1_311' title='bbox 639 1827 685 1863; x_wconf 91' lang='lat' dir='ltr'>de</span> <span class='ocrx_word' id='word_1_312' title='bbox 706 1826 877 1863; x_wconf 84' lang='lat' dir='ltr'>Macrino</span> <span class='ocrx_word' id='word_1_313' title='bbox 898 1826 1092 1874; x_wconf 84' lang='lat' dir='ltr'>quippiam</span> <span class='ocrx_word' id='word_1_314' title='bbox 1123 1827 1194 1862; x_wconf 87' lang='lat' dir='ltr'>illis</span> <span class='ocrx_word' id='word_1_315' title='bbox 1227 1827 1344 1864; x_wconf 87' lang='lat' dir='ltr'>adhuc</span> <span class='ocrx_word' id='word_1_316' title='bbox 1367 1826 1614 1870; x_wconf 85' lang='lat' dir='ltr'>suboleuerat,</span> 
     </span>
     <span class='ocr_line' id='line_1_36' title="bbox 217 1874 1615 1923; baseline -0.001 -11"><span class='ocrx_word' id='word_1_317' title='bbox 217 1877 432 1923; x_wconf 85' lang='lat' dir='ltr'>putantibus</span> <span class='ocrx_word' id='word_1_318' title='bbox 457 1875 663 1913; x_wconf 85' lang='lat' dir='ltr'>Martialem</span> <span class='ocrx_word' id='word_1_319' title='bbox 685 1876 852 1921; x_wconf 80' lang='lat' dir='ltr'>proprias</span> <span class='ocrx_word' id='word_1_320' title='bbox 875 1875 1086 1912; x_wconf 85' lang='lat' dir='ltr'>inimicitias</span> <span class='ocrx_word' id='word_1_321' title='bbox 1098 1876 1374 1923; x_wconf 87' lang='lat' dir='ltr'>persequutum.</span> <span class='ocrx_word' id='word_1_322' title='bbox 1422 1877 1474 1910; x_wconf 87' lang='lat' dir='ltr'>lta</span> <span class='ocrx_word' id='word_1_323' title='bbox 1497 1875 1535 1910; x_wconf 89' lang='lat' dir='ltr'>in</span> <span class='ocrx_word' id='word_1_324' title='bbox 1553 1874 1615 1911; x_wconf 78' lang='lat' dir='ltr'>sua</span> 
     </span>
     <span class='ocr_line' id='line_1_37' title="bbox 153 1923 1616 1978; baseline 0 -17"><span class='ocrx_word' id='word_1_325' title='bbox 153 1942 195 1978; x_wconf 85' lang='lat'>¹7</span> <span class='ocrx_word' id='word_1_326' title='bbox 216 1924 371 1972; x_wconf 84' lang='lat' dir='ltr'>quisque</span> <span class='ocrx_word' id='word_1_327' title='bbox 391 1925 624 1962; x_wconf 88' lang='lat' dir='ltr'>tabernacula</span> <span class='ocrx_word' id='word_1_328' title='bbox 644 1924 845 1962; x_wconf 73' lang='lat' dir='ltr'>discessere.</span> <span class='ocrx_word' id='word_1_329' title='bbox 896 1928 946 1961; x_wconf 85' lang='lat' dir='ltr'>At</span> <span class='ocrx_word' id='word_1_330' title='bbox 965 1926 1176 1967; x_wconf 85' lang='lat' dir='ltr'>Macrinus,</span> <span class='ocrx_word' id='word_1_331' title='bbox 1202 1924 1340 1960; x_wconf 89' lang='lat' dir='ltr'>tradito</span> <span class='ocrx_word' id='word_1_332' title='bbox 1367 1923 1443 1972; x_wconf 85' lang='lat' dir='ltr'>igni</span> <span class='ocrx_word' id='word_1_333' title='bbox 1464 1925 1616 1971; x_wconf 90' lang='lat' dir='ltr'>corpus-</span> 
     </span>
     <span class='ocr_line' id='line_1_38' title="bbox 214 1972 1616 2021; baseline -0.001 -10"><span class='ocrx_word' id='word_1_334' title='bbox 214 1975 324 2016; x_wconf 83' lang='lat' dir='ltr'>culo,</span> <span class='ocrx_word' id='word_1_335' title='bbox 348 1974 524 2021; x_wconf 85' lang='lat' dir='ltr'>reliquias</span> <span class='ocrx_word' id='word_1_336' title='bbox 544 1974 639 2011; x_wconf 82' lang='lat' dir='ltr'>intra</span> <span class='ocrx_word' id='word_1_337' title='bbox 662 1987 790 2010; x_wconf 87' lang='lat' dir='ltr'>vrnam</span> <span class='ocrx_word' id='word_1_338' title='bbox 812 1974 996 2010; x_wconf 55' lang='lat' dir='ltr'>coniectas</span> <span class='ocrx_word' id='word_1_339' title='bbox 1022 1974 1128 2010; x_wconf 87' lang='lat' dir='ltr'>matri</span> <span class='ocrx_word' id='word_1_340' title='bbox 1151 1974 1192 2010; x_wconf 89' lang='lat' dir='ltr'>ad</span> <span class='ocrx_word' id='word_1_341' title='bbox 1213 1974 1437 2018; x_wconf 70' lang='lat' dir='ltr'>sepulturam</span> <span class='ocrx_word' id='word_1_342' title='bbox 1465 1972 1616 2010; x_wconf 84' lang='lat' dir='ltr'>remifit.</span> 
     </span>
     <span class='ocr_line' id='line_1_39' title="bbox 151 2023 1615 2071; baseline -0.001 -12"><span class='ocrx_word' id='word_1_343' title='bbox 151 2038 193 2070; x_wconf 80' lang='lat'>18</span> <span class='ocrx_word' id='word_1_344' title='bbox 213 2036 254 2059; x_wconf 88' lang='lat' dir='ltr'>ea</span> <span class='ocrx_word' id='word_1_345' title='bbox 281 2034 373 2059; x_wconf 87' lang='lat' dir='ltr'>tunc</span> <span class='ocrx_word' id='word_1_346' title='bbox 389 2023 616 2060; x_wconf 83' lang='lat' dir='ltr'>Antiochiae</span> <span class='ocrx_word' id='word_1_347' title='bbox 636 2025 861 2061; x_wconf 87' lang='lat' dir='ltr'>morabatur.</span> <span class='ocrx_word' id='word_1_348' title='bbox 911 2025 1075 2071; x_wconf 88' lang='lat' dir='ltr'>Moxque</span> <span class='ocrx_word' id='word_1_349' title='bbox 1103 2023 1296 2069; x_wconf 80' lang='lat' dir='ltr'>obfimiles</span> <span class='ocrx_word' id='word_1_350' title='bbox 1317 2024 1518 2059; x_wconf 87' lang='lat' dir='ltr'>liberorum</span> <span class='ocrx_word' id='word_1_351' title='bbox 1553 2034 1615 2059; x_wconf 83' lang='lat' dir='ltr'>ca-</span> 
     </span>
     <span class='ocr_line' id='line_1_40' title="bbox 212 2071 1616 2118; baseline 0 -10"><span class='ocrx_word' id='word_1_352' title='bbox 212 2073 413 2112; x_wconf 83' lang='lat' dir='ltr'>lamitates,</span> <span class='ocrx_word' id='word_1_353' title='bbox 445 2073 626 2109; x_wconf 85' lang='lat' dir='ltr'>incertum</span> <span class='ocrx_word' id='word_1_354' title='bbox 647 2072 779 2118; x_wconf 88' lang='lat' dir='ltr'>sponte</span> <span class='ocrx_word' id='word_1_355' title='bbox 800 2086 844 2108; x_wconf 89' lang='lat' dir='ltr'>an</span> <span class='ocrx_word' id='word_1_356' title='bbox 868 2072 1026 2118; x_wconf 88' lang='lat' dir='ltr'>imperio</span> <span class='ocrx_word' id='word_1_357' title='bbox 1046 2072 1224 2113; x_wconf 76' lang='lat' dir='ltr'>alicuius,</span> <span class='ocrx_word' id='word_1_358' title='bbox 1263 2084 1421 2108; x_wconf 89' lang='lat' dir='ltr'>mortem</span> <span class='ocrx_word' id='word_1_359' title='bbox 1443 2071 1507 2108; x_wconf 80' lang='lat' dir='ltr'>fibi</span> <span class='ocrx_word' id='word_1_360' title='bbox 1526 2084 1616 2108; x_wconf 88' lang='lat' dir='ltr'>con-</span> 
     </span>
     <span class='ocr_line' id='line_1_41' title="bbox 147 2119 1616 2172; baseline 0.001 -16"><span class='ocrx_word' id='word_1_361' title='bbox 147 2139 194 2172; x_wconf 73' lang='lat'>¹9</span> <span class='ocrx_word' id='word_1_362' title='bbox 213 2121 332 2157; x_wconf 88' lang='lat' dir='ltr'>sciuit.</span> <span class='ocrx_word' id='word_1_363' title='bbox 394 2123 507 2157; x_wconf 87' lang='lat' dir='ltr'>Hunc</span> <span class='ocrx_word' id='word_1_364' title='bbox 526 2119 638 2157; x_wconf 85' lang='lat' dir='ltr'>finem</span> <span class='ocrx_word' id='word_1_365' title='bbox 657 2121 866 2158; x_wconf 86' lang='lat' dir='ltr'>habuerunt</span> <span class='ocrx_word' id='word_1_366' title='bbox 895 2120 1112 2158; x_wconf 83' lang='lat' dir='ltr'>Antoninus</span> <span class='ocrx_word' id='word_1_367' title='bbox 1139 2134 1179 2158; x_wconf 87' lang='lat' dir='ltr'>et</span> <span class='ocrx_word' id='word_1_368' title='bbox 1206 2121 1296 2158; x_wconf 87' lang='lat' dir='ltr'>Iulia</span> <span class='ocrx_word' id='word_1_369' title='bbox 1325 2132 1462 2162; x_wconf 86' lang='lat' dir='ltr'>mater,</span> <span class='ocrx_word' id='word_1_370' title='bbox 1498 2133 1616 2168; x_wconf 84' lang='lat' dir='ltr'>quum</span> 
     </span>
     <span class='ocr_line' id='line_1_42' title="bbox 211 2170 1616 2218; baseline 0.001 -13"><span class='ocrx_word' id='word_1_371' title='bbox 211 2170 364 2216; x_wconf 85' lang='lat' dir='ltr'>quidem</span> <span class='ocrx_word' id='word_1_372' title='bbox 386 2171 429 2206; x_wconf 89' lang='lat' dir='ltr'>ad</span> <span class='ocrx_word' id='word_1_373' title='bbox 451 2183 535 2206; x_wconf 85' lang='lat' dir='ltr'>eum</span> <span class='ocrx_word' id='word_1_374' title='bbox 559 2182 669 2218; x_wconf 90' lang='lat' dir='ltr'>quem</span> <span class='ocrx_word' id='word_1_375' title='bbox 691 2170 853 2207; x_wconf 88' lang='lat' dir='ltr'>diximus</span> <span class='ocrx_word' id='word_1_376' title='bbox 876 2172 1029 2208; x_wconf 87' lang='lat' dir='ltr'>modum</span> <span class='ocrx_word' id='word_1_377' title='bbox 1045 2170 1226 2212; x_wconf 76' lang='lat' dir='ltr'>vixiss&#39;enr,</span> <span class='ocrx_word' id='word_1_378' title='bbox 1253 2171 1520 2208; x_wconf 82' lang='lat' dir='ltr'>acsexennium</span> <span class='ocrx_word' id='word_1_379' title='bbox 1535 2181 1616 2208; x_wconf 87' lang='lat' dir='ltr'>tan·</span> 
     </span>
     <span class='ocr_line' id='line_1_43' title="bbox 211 2218 1283 2270; baseline 0.002 -16"><span class='ocrx_word' id='word_1_380' title='bbox 211 2228 291 2255; x_wconf 86' lang='lat' dir='ltr'>turn</span> <span class='ocrx_word' id='word_1_381' title='bbox 313 2219 374 2256; x_wconf 85' lang='lat' dir='ltr'>ille</span> <span class='ocrx_word' id='word_1_382' title='bbox 394 2218 470 2255; x_wconf 75' lang='lat' dir='ltr'>fine</span> <span class='ocrx_word' id='word_1_383' title='bbox 488 2232 641 2268; x_wconf 89' lang='lat' dir='ltr'>parente</span> <span class='ocrx_word' id='word_1_384' title='bbox 658 2232 913 2270; x_wconf 88' lang='lat' dir='ltr'>germanoque</span> <span class='ocrx_word' id='word_1_385' title='bbox 936 2220 1000 2258; x_wconf 88' lang='lat' dir='ltr'>suo</span> <span class='ocrx_word' id='word_1_386' title='bbox 1024 2219 1283 2268; x_wconf 81' lang='lat' dir='ltr'>imperauiffet.</span> 
     </span>
    </p>
   </div>
   <div class='ocr_carea' id='block_1_5' title="bbox 209 2331 1613 2578">
    <p class='ocr_par' dir='ltr' id='par_1_5' title="bbox 210 2331 1613 2480">
     <span class='ocr_line' id='line_1_44' title="bbox 259 2331 1613 2382; baseline 0.003 -15"><span class='ocrx_word' id='word_1_387' title='bbox 259 2333 291 2377; x_wconf 79' lang='lat' dir='ltr'>s)</span> <span class='ocrx_word' id='word_1_388' title='bbox 333 2331 523 2370; x_wconf 81' lang='lat' dir='ltr'>custodum</span> <span class='ocrx_word' id='word_1_389' title='bbox 568 2335 734 2382; x_wconf 85' lang='lat' dir='ltr'>corporis</span> <span class='ocrx_word' id='word_1_390' title='bbox 767 2335 888 2373; x_wconf 87' lang='lat' dir='ltr'>Anto·</span> <span class='ocrx_word' id='word_1_391' title='bbox 940 2332 1126 2382; x_wconf 77' lang='lat' dir='ltr'>proficisci</span> <span class='ocrx_word' id='word_1_392' title='bbox 1159 2331 1286 2369; x_wconf 81' lang='lat' dir='ltr'>vellet.</span> <span class='ocrx_word' id='word_1_393' title='bbox 1339 2332 1471 2382; x_wconf 77' lang='lat' dir='ltr'>Procul</span> <span class='ocrx_word' id='word_1_394' title='bbox 1489 2342 1613 2372; x_wconf 79' lang='lat' dir='ltr'>autem</span> 
     </span>
     <span class='ocr_line' id='line_1_45' title="bbox 210 2380 1611 2423; baseline 0 -7"><span class='ocrx_word' id='word_1_395' title='bbox 210 2380 293 2418; x_wconf 80' lang='lat' dir='ltr'>nini</span> <span class='ocrx_word' id='word_1_396' title='bbox 317 2383 505 2423; x_wconf 78' lang='lat' dir='ltr'>centurio,</span> <span class='ocrx_word' id='word_1_397' title='bbox 533 2382 616 2420; x_wconf 83' lang='lat' dir='ltr'>seu.</span> <span class='ocrx_word' id='word_1_398' title='bbox 650 2384 821 2420; x_wconf 83' lang='lat' dir='ltr'>centurio</span> <span class='ocrx_word' id='word_1_399' title='bbox 843 2397 886 2420; x_wconf 83' lang='lat' dir='ltr'>cx</span> <span class='ocrx_word' id='word_1_400' title='bbox 936 2385 981 2420; x_wconf 88' lang='lat' dir='ltr'>ab</span> <span class='ocrx_word' id='word_1_401' title='bbox 1002 2383 1093 2420; x_wconf 88' lang='lat' dir='ltr'>urbe</span> <span class='ocrx_word' id='word_1_402' title='bbox 1114 2380 1203 2417; x_wconf 88' lang='lat' dir='ltr'>illud</span> <span class='ocrx_word' id='word_1_403' title='bbox 1226 2380 1388 2421; x_wconf 82' lang='lat' dir='ltr'>distabat,</span> <span class='ocrx_word' id='word_1_404' title='bbox 1416 2382 1464 2418; x_wconf 90' lang='lat' dir='ltr'>ita</span> <span class='ocrx_word' id='word_1_405' title='bbox 1485 2393 1528 2418; x_wconf 85' lang='lat' dir='ltr'>ut</span> <span class='ocrx_word' id='word_1_406' title='bbox 1545 2384 1611 2420; x_wconf 87' lang='lat' dir='ltr'>ali.</span> 
     </span>
     <span class='ocr_line' id='line_1_46' title="bbox 210 2428 1610 2480; baseline 0.001 -14"><span class='ocrx_word' id='word_1_407' title='bbox 210 2431 530 2480; x_wconf 79' lang='lat' dir='ltr'>praetorianorum</span> <span class='ocrx_word' id='word_1_408' title='bbox 560 2443 729 2468; x_wconf 88' lang='lat' dir='ltr'>numero.</span> <span class='ocrx_word' id='word_1_409' title='bbox 769 2434 858 2480; x_wconf 45' lang='lat' dir='ltr'><em>gylb.</em></span> <span class='ocrx_word' id='word_1_410' title='bbox 934 2432 1026 2479; x_wconf 87' lang='lat' dir='ltr'>quid</span> <span class='ocrx_word' id='word_1_411' title='bbox 1046 2430 1190 2467; x_wconf 84' lang='lat' dir='ltr'>itineris</span> <span class='ocrx_word' id='word_1_412' title='bbox 1209 2428 1480 2467; x_wconf 84' lang='lat' dir='ltr'>conficiendum</span> <span class='ocrx_word' id='word_1_413' title='bbox 1510 2432 1610 2468; x_wconf 72' lang='lat' dir='ltr'>effer.</span> 
     </span>
    </p>

    <p class='ocr_par' dir='ltr' id='par_1_6' title="bbox 209 2478 1611 2578">
     <span class='ocr_line' id='line_1_47' title="bbox 259 2478 1610 2527; baseline 0.002 -13"><span class='ocrx_word' id='word_1_414' title='bbox 259 2483 293 2526; x_wconf 81' lang='lat' dir='ltr'>t)</span> <span class='ocrx_word' id='word_1_415' title='bbox 321 2479 397 2525; x_wconf 83' lang='lat' dir='ltr'>post</span> <span class='ocrx_word' id='word_1_416' title='bbox 413 2480 547 2517; x_wconf 84' lang='lat' dir='ltr'>initum</span> <span class='ocrx_word' id='word_1_417' title='bbox 575 2481 644 2516; x_wconf 89' lang='lat' dir='ltr'>hoc</span> <span class='ocrx_word' id='word_1_418' title='bbox 679 2482 884 2524; x_wconf 78' lang='lat' dir='ltr'>confilium,</span> <span class='ocrx_word' id='word_1_419' title='bbox 935 2484 1029 2518; x_wconf 91' lang='lat' dir='ltr'>Cum</span> <span class='ocrx_word' id='word_1_420' title='bbox 1052 2478 1176 2527; x_wconf 88' lang='lat' dir='ltr'>paucis</span> <span class='ocrx_word' id='word_1_421' title='bbox 1200 2479 1311 2527; x_wconf 80' lang='lat' dir='ltr'>igitur</span> <span class='ocrx_word' id='word_1_422' title='bbox 1331 2480 1520 2527; x_wconf 87' lang='lat' dir='ltr'>equitibus</span> <span class='ocrx_word' id='word_1_423' title='bbox 1543 2482 1610 2526; x_wconf 82' lang='lat' dir='ltr'>(ne</span> 
     </span>
     <span class='ocr_line' id='line_1_48' title="bbox 209 2527 1611 2578; baseline 0.001 -15"><span class='ocrx_word' id='word_1_424' title='bbox 209 2537 253 2563; x_wconf 78' lang='lat' dir='ltr'>ut</span> <span class='ocrx_word' id='word_1_425' title='bbox 270 2529 509 2569; x_wconf 88' lang='lat' dir='ltr'>Antoninus,</span> <span class='ocrx_word' id='word_1_426' title='bbox 535 2531 598 2576; x_wconf 87' lang='lat' dir='ltr'>qui</span> <span class='ocrx_word' id='word_1_427' title='bbox 612 2532 745 2572; x_wconf 67' lang='lat' dir='ltr'>Carris,</span> <span class='ocrx_word' id='word_1_428' title='bbox 775 2534 884 2578; x_wconf 80' lang='lat' dir='ltr'>(quae</span> <span class='ocrx_word' id='word_1_429' title='bbox 933 2541 1056 2567; x_wconf 89' lang='lat' dir='ltr'>totum</span> <span class='ocrx_word' id='word_1_430' title='bbox 1075 2527 1277 2564; x_wconf 84' lang='lat' dir='ltr'>exercitum</span> <span class='ocrx_word' id='word_1_431' title='bbox 1297 2527 1462 2573; x_wconf 78' lang='lat' dir='ltr'>vexaret)</span> <span class='ocrx_word' id='word_1_432' title='bbox 1477 2528 1546 2565; x_wconf 80' lang='lat' dir='ltr'>iter</span> <span class='ocrx_word' id='word_1_433' title='bbox 1557 2529 1611 2565; x_wconf 58' lang='lat' dir='ltr'>faa</span> 
     </span>
    </p>
   </div>
   <div class='ocr_carea' id='block_1_6' title="bbox 205 2576 1663 2626">
    <p class='ocr_par' dir='ltr' id='par_1_7' title="bbox 205 2576 1663 2626">
     <span class='ocr_line' id='line_1_49' title="bbox 205 2576 1663 2626; baseline 0.003 -14"><span class='ocrx_word' id='word_1_434' title='bbox 205 2577 256 2612; x_wconf 76' lang='lat' dir='ltr'>est</span> <span class='ocrx_word' id='word_1_435' title='bbox 277 2579 328 2613; x_wconf 88' lang='lat' dir='ltr'>M.</span> <span class='ocrx_word' id='word_1_436' title='bbox 351 2578 467 2621; x_wconf 81' lang='lat' dir='ltr'>urbs,)</span> <span class='ocrx_word' id='word_1_437' title='bbox 491 2581 631 2625; x_wconf 73' lang='lat' dir='ltr'>agebat,</span> <span class='ocrx_word' id='word_1_438' title='bbox 656 2579 782 2626; x_wconf 66' lang='lat' dir='ltr'>crcgia</span> <span class='ocrx_word' id='word_1_439' title='bbox 796 2594 880 2626; x_wconf 86' lang='lat' dir='ltr'>pro·</span> <span class='ocrx_word' id='word_1_440' title='bbox 932 2579 1065 2618; x_wconf 87' lang='lat' dir='ltr'>ciebat,</span> <span class='ocrx_word' id='word_1_441' title='bbox 1093 2588 1136 2613; x_wconf 85' lang='lat' dir='ltr'>ut</span> <span class='ocrx_word' id='word_1_442' title='bbox 1154 2577 1296 2623; x_wconf 61' lang='lat' dir='ltr'>petatio</span> <span class='ocrx_word' id='word_1_443' title='bbox 1315 2577 1401 2614; x_wconf 85' lang='lat' dir='ltr'>sacr.</span> <span class='ocrx_word' id='word_1_444' title='bbox 1420 2576 1460 2614; x_wconf 87' lang='lat' dir='ltr'>in</span> <span class='ocrx_word' id='word_1_445' title='bbox 1479 2578 1607 2616; x_wconf 81' lang='lat' dir='ltr'>urbem</span> <span class='ocrx_word' id='word_1_446' title='bbox 1655 2594 1663 2597; x_wconf 62' lang='grc'><strong>-</strong></span> 
     </span>
    </p>
   </div>
   <div class='ocr_carea' id='block_1_7' title="bbox 202 2625 1361 2725">
    <p class='ocr_par' dir='ltr' id='par_1_8' title="bbox 202 2625 1361 2725">
     <span class='ocr_line' id='line_1_50' title="bbox 204 2625 1361 2675; baseline 0.001 -15"><span class='ocrx_word' id='word_1_447' title='bbox 204 2625 881 2675; x_wconf 66' lang='lat' dir='ltr'>‹lime-tadLunaetemplum‚quam</span> <span class='ocrx_word' id='word_1_448' title='bbox 932 2638 1192 2665; x_wconf 84' lang='lat' dir='ltr'>reverteretur.</span> <span class='ocrx_word' id='word_1_449' title='bbox 1244 2627 1361 2675; x_wconf 81' lang='lat' dir='ltr'>Stepb.</span> 
     </span>
     <span class='ocr_line' id='line_1_51' title="bbox 202 2675 882 2725; baseline 0.004 -14"><span class='ocrx_word' id='word_1_450' title='bbox 202 2675 362 2711; x_wconf 71' lang='lat' dir='ltr'>maxime</span> <span class='ocrx_word' id='word_1_451' title='bbox 399 2687 622 2713; x_wconf 78' lang='lat' dir='ltr'>venerantur</span> <span class='ocrx_word' id='word_1_452' title='bbox 668 2676 882 2725; x_wconf 80' lang='lat' dir='ltr'>indigenae,</span> 
     </span>
    </p>
   </div>
  </div>
 </body>
</html>
