1707 3029
147 98 246 144 106
351 98 871 148 HERODIANI
948 101 1440 155 HISTORIAE

140 211 327 252 exaudiri:
353 216 471 252 rursus
488 215 523 250 in
537 214 729 262 planitiem
741 213 1115 262 egressusAiexander,
1127 230 1334 254 conuocare
1344 217 1493 258 milites,
1506 229 1574 254 to-

74 303 79 307 ,
142 276 236 312 gare,
249 276 286 299 vt
299 264 333 300 se
349 265 852 308 defenderet‚tuerenturque
863 277 943 299 eum
956 277 1065 312 quem
1077 265 1140 312 ipsi
1154 267 1574 315 educauisssennquoque

101 321 119 356 ς
142 315 211 350 iam
234 312 510 359 quatuordecim
532 325 648 349 annos
665 313 882 357 imperante,
909 313 982 349 fine
1001 315 1073 350 vlla
1093 316 1241 361 querela
1254 315 1441 351 vixissent:
1457 327 1575 354 vcom-

140 363 328 410 motisque
348 362 580 397 miseratione
600 362 791 403 omnibus,
815 374 912 397 arma
934 375 1064 408 capere
1082 376 1122 398 ac
1145 363 1300 400 relistere
1320 363 1482 400 hostibus
1502 364 1573 399 im·
1619 376 1621 379 ·

128 412 300 460 perabat.
346 413 397 447 At
425 412 581 450 milites,
627 409 689 445 etsi
722 412 758 451 b)
800 411 915 457 primo
941 413 1065 447 omnia
1095 413 1252 458 principi
1284 412 1571 459 pollicebantur,

98 460 122 493 6
142 459 316 508 paulatim
333 473 457 496 tamen
479 459 539 494 alii
559 464 593 499 c)
621 459 694 495 alio
714 459 983 498 dilabebantur.
1029 461 1190 508 Qidam
1211 461 1322 497 etiam
1345 460 1571 506 praefectum

143 509 315 555 praetorii
341 519 449 555 atque
470 508 664 544 Alexandri
683 507 876 544 familiares
899 508 942 544 ad
964 509 1182 556 supplicium
1205 509 1452 546 deposcebant
1467 533 1478 550 ‚
1514 522 1575 545 or·-

97 565 121 600 7
142 569 217 593 tam
237 559 280 594 ab
306 558 376 593 illis
406 558 653 593 defeftionem
684 557 880 592 causantes.
928 558 987 593 alii
1018 571 1171 596 matrem
1199 558 1308 606 ipsius
1340 556 1572 600 accusabant.

139 619 282 642 auaram
303 607 529 647 foeminam,
556 617 595 641 et
613 618 704 652 quae
726 605 892 652 pecuniis
917 609 1184 654 congerendis,
1213 609 1260 643 ob
1291 607 1410 642 sordes
1440 607 1574 642 nimias

141 654 472 703 parlimoniamque
490 666 573 702 erga
598 654 754 696 milites,
783 655 942 692 inuisum
964 656 1104 693 cunstis
1123 657 1378 694 Alexandrum
1400 655 1574 692 reddide-

69 710 71 715 ’
99 711 119 744 8
141 706 200 740 rit.
249 703 364 751 Igitur
384 703 599 750 aliquandiu
620 704 707 738 haec
728 702 822 739 inter
840 704 876 740 se
889 704 1019 740 diuersi
1041 706 1269 745 όὶξὶίῑαιπες,
1297 706 1435 741 stabant
1452 705 1576 741 adhue

97 763 119 797 9
143 765 287 789 tamen:
317 764 356 788 vt
377 766 463 788 vero
484 752 664 788 exercitus
685 753 878 789 Maximini
900 754 937 788 in
960 754 1191 800 conspeRum
1207 755 1331 795 venit,
1357 765 1468 802 atque
1489 753 1577 789 hor·

138 801 208 839 tari
228 801 503 838 commilitones
523 801 684 847 c‹‘epit,—
700 812 740 837 vt
760 803 951 838 mulierem
977 804 1156 839 sordidam
1186 815 1224 839 et
1253 803 1418 849 pufilluin
1450 802 1574 838 adole-

117 891 120 893 ,
137 851 324 892 stentem,
352 851 552 886 etiamnum
572 851 636 886 sub
654 850 779 887 matris
793 850 959 899 seruitio,
986 852 1099 889 statim
1121 853 1142 887 d
1156 866 1175 888 e
1188 853 1288 888 sere
1301 865 1316 887 r
1329 864 1383 888 en
1398 864 1434 894 t,
1460 853 1574 897 seque

139 900 222 936 viro
248 898 373 936 forti
401 900 596 946 proboque
624 910 882 948 aggregarent,
929 900 1184 938 commilitoni
1224 901 1411 948 ipsorum.
1462 911 1574 948 atque

139 949 181 985 in
199 949 306 985 armis
333 947 475 994 semper
502 947 719 996 bellicisque
749 949 962 986 muneribus
992 951 1156 986 versato:
1193 950 1386 986 confestim
1414 946 1575 986 vniuerfi

142 999 185 1034 ab
203 997 414 1034 Alexandro
437 997 687 1038 desciuerunt.
716 1010 827 1046 atque
859 1000 1086 1035 vnanimiter
1116 1000 1379 1044 imperatorem
1405 997 1574 1035 Maximi-

76 1053 122 1080 10
141 1059 230 1083 num
249 1046 583 1083 consalutauerunt.
631 1050 683 1083 At
702 1046 763 1083 ille
786 1060 946 1082 tremens
962 1075 971 1090 ,
995 1059 1106 1094 atque
1127 1047 1368 1088 exanimatus.
1397 1050 1440 1084 in
1457 1048 1576 1084 taber-

139 1097 313 1133 naculum
334 1096 401 1131 vix
423 1094 637 1137 reuertitur,
666 1096 847 1143 matrique
870 1096 1095 1143 implicitus,
1124 1107 1162 1133 et
1180 1099 1238 1143 (vt
1259 1097 1380 1140 aiunt)
1411 1108 1578 1144 conque-

120 1157 223 1193 :rens
244 1157 355 1193 atque
375 1144 543 1180 incusans
568 1143 666 1190 quod
688 1147 735 1180 ob
754 1145 854 1181 illam
875 1146 958 1181 talia
981 1158 1186 1192 pateretur,
1219 1146 1430 1192 expestabat
1459 1146 1577 1190 intet-

77 1190 354 1242 11‘festorem..
393 1193 619 1240 Maximinus
645 1203 791 1234 autem,
836 1196 1024 1241 postquam
1054 1208 1138 1231 eum
1167 1196 1350 1232 exercitus
1383 1191 1577 1233 vniuersus

139 1243 328 1291 augustum
347 1242 562 1289 appellauit,
588 1242 740 1278 tribuno
760 1253 800 1278 et
818 1243 1100 1280 centurionibus
1121 1244 1263 1291 aliquot
1283 1244 1477 1292 negotium
1500 1246 1576 1284 dat,

139 1292 361 1331 Alexandri,
391 1292 591 1338 matrisque
609 1303 678 1326 vna
693 1315 703 1331 ,
731 1303 768 1327 et
787 1292 1002 1338 quicunque
1020 1294 1094 1329 vim
1118 1305 1248 1329 contra
1271 1292 1448 1334 facerent,
1475 1291 1576 1329 occi·

73 1351 119 1376 12
140 1342 363 1378 dendorum.
415 1339 489 1387 Qi
511 1339 608 1376 facto
631 1339 774 1387 impetu
802 1341 841 1377 in
872 1342 1149 1379 tabernaculum
1164 1367 1175 1383 ,
1214 1340 1330 1378 statim
1355 1342 1469 1389 ipsum
1489 1353 1576 1376 cum

137 1402 254 1428 matre
277 1389 473 1436 amicisque
495 1401 531 1425 et
550 1390 824 1425 honoratiffimo
847 1402 1019 1438 quoque,
1049 1392 1296 1431 obtruncant.
1326 1390 1488 1438 exceptis
1508 1387 1576 1438 qui

137 1443 181 1485 d)
208 1440 315 1487 paulo
337 1449 422 1474 ante
444 1438 528 1486 fuga
545 1437 607 1472 fibi
628 1438 837 1478 aelatebris
860 1439 1142 1476 consuluissent:
1172 1452 1265 1486 quos
1285 1452 1408 1476 tamen
1428 1439 1577 1475 vniuer·

139 1491 196 1526 sos
221 1488 319 1524 haud
351 1488 471 1523 multo
504 1486 581 1533 post
606 1488 895 1534 comprehensos
924 1489 1146 1526 Maximinus
1175 1489 1247 1535 ipse
1288 1502 1408 1526 morte
1436 1486 1573 1524 affecit.

75 1536 117 1574 ¹3
139 1541 253 1575 Hunc
276 1535 388 1573 finem
412 1536 540 1571 habuit
560 1536 912 1581 vitaefllexander,
940 1551 1011 1574 vna
1030 1550 1114 1575 cum
1135 1549 1272 1580 matre,
1307 1550 1422 1586 quum
1455 1548 1576 1573 annos

139 1586 421 1635 quatuordecim
443 1584 515 1621 fine
537 1586 605 1620 vlla
627 1585 868 1623 subiestorum
888 1589 1057 1635 querela,
1085 1599 1197 1642 atque
1220 1589 1311 1623 adeo
1332 1587 1405 1623 line
1431 1584 1578 1635 [exigui-

73 1636 118 1670 14
139 1649 207 1676 ne,
237 1635 452 1683 imperasset.
505 1635 696 1681 Siquidem
720 1649 738 1670 a
758 1636 929 1673 caedibus
951 1649 988 1673 et
1009 1637 1230 1673 crudelitate
1249 1638 1472 1678 abhorrens,
1512 1646 1579 1670 ne·

140 1685 279 1721 minem
305 1683 371 1720 nili
401 1682 539 1719 iudicio
571 1684 785 1720 damnatum
817 1686 1195 1732 perirepatiebatur:
1241 1685 1284 1720 ad
1308 1685 1575 1725 humanitatem

73 1733 116 1768 ¹5
138 1737 171 1781 e)
198 1733 376 1769 videlicet
404 1745 445 1767 ac
479 1733 777 1768 beneuolentiam
809 1735 1022 1782 propensus.
1087 1737 1326 1781 Quapropter
1359 1734 1424 1771 nili
1452 1733 1574 1770 filium

136 1796 254 1820 mater
278 1795 379 1818 auara
403 1794 440 1817 ac
462 1779 604 1817 sordida
626 1782 853 1826 infamaret,
878 1783 973 1820 nihil
990 1786 1100 1831 plane
1118 1783 1308 1822 desiderari
1327 1785 1367 1822 in
1388 1783 1488 1821 illius
1507 1793 1576 1832 gu-

136 1830 354 1871 bernatione
381 1831 527 1878 imperii
559 1830 748 1878 potuisset.

376 1949 1324 2004 LIBER-SEPTIMVS.

842 2065 871 2101 1.

138 2113 347 2222 Qualem
358 2127 393 2165 se
404 2128 756 2175 gel'l‘eritAlexander
765 2129 1042 2177 quatuordecim
1053 2142 1237 2167 annorum
1255 2130 1575 2181 imperio‚etquem
1596 2154 1600 2159 -

95 2182 115 2206 2
233 2179 354 2226 ‚vitae
367 2179 474 2225 finem
493 2179 654 2215 habuerit
669 2202 680 2219 ,
726 2179 915 2226 superiore
940 2181 1133 2216 volumine
1155 2181 1403 2227 exposuimus.
1430 2183 1574 2219 lnterea

137 2224 360 2262 Maximinus
373 2241 425 2263 rer
433 2241 490 2263 um
504 2228 801 2273 potitus,mutata
815 2230 1055 2266 vehementer
1067 2241 1188 2266 rerum
1204 2229 1440 2271 conditione,
1452 2232 1575 2278 aspere

95 2278 114 2315 3
136 2273 389 2322 ferociterque
409 2276 538 2323 adepta
552 2277 729 2323 potestate
746 2279 929 2321 Vtebatur,
949 2278 992 2314 fic
1003 2290 1041 2315 vt
1051 2291 1094 2314 ex
1107 2278 1211 2315 molli
1225 2278 1489 2326 mansuetoque
1501 2281 1573 2322 im,-

180 2379 215 2421 b)
242 2378 339 2422 Sylb.
361 2381 417 2415 ccl.
445 2380 546 2420 „crli
577 2382 702 2417 omnia
726 2383 828 2430 prin·
892 2412 898 2418 .
921 2382 960 2428 ἡ
987 2382 1194 2430 paulisper,
1222 2383 1363 2420 Memm.

132 2427 205 2472 εἶρὶ
227 2428 343 2471 poll«
375 2441 440 2474 pro
460 2442 533 2475 quo
553 2432 706 2467 nomine
724 2433 828 2477 prin-
927 2433 960 2475 e)
986 2444 1025 2467 ac
1044 2431 1326 2470 beneficentiam
1357 2432 1578 2481 propensus.

132 2477 207 2530 cipi
226 2477 422 2513 Memmius
444 2479 556 2522 modo
584 2481 788 2529 „principio
802 2488 827 2507 (ς
880 2480 995 2518 Omni
1027 2480 1211 2527 igituriex
1258 2495 1356 2527 parte
1386 2483 1573 2520 laudatum

130 2523 297 2561 subiecit.
344 2528 427 2561 lrm.
881 2531 1002 2569 fuisset
1029 2529 1221 2567 Alexandri
1252 2532 1470 2578 imperium,
1505 2530 1573 2568 nist

159 2575 213 2627 'c)
241 2587 276 2620 q.
298 2586 328 2610 c.
348 2576 415 2612 alia
442 2576 532 2624 Sylb.
561 2577 599 2613 in
619 2577 727 2614 ablat.
748 2578 823 2616 scil.
876 2583 923 2615 ob
937 2579 1058 2615 matris
1070 2580 1259 2618 auaritiam
1279 2593 1317 2620 et
1335 2580 1458 2620 sordes
1478 2581 1572 2619 male

132 2634 199 2658 via.
248 2625 332 2661 lrm.
875 2627 1037 2666 audisset.
1062 2629 1181 2677 Steph-
