1707 3029
232 97 298 139 70
414 75 1468 129 HER‘ODIANIHISTORIAE

195 237 206 250 ι
233 212 308 236 eam
326 199 455 245 Libyae
469 206 608 246 partem
628 208 716 244 quae
736 193 900 239 adjacet,
927 192 1124 230 Antonino
1146 195 1367 237 concedens,
1394 197 1433 244 q)
1456 195 1627 242 reliquos
1659 235 1663 238 Δ

171 242 216 292 {6
235 248 278 284 ad
300 247 482 285 orientem
503 258 616 294 vsque
638 246 734 281 Geta
752 242 815 279 sibi
835 241 1064 280 adsciscebat.
1123 245 1228 280 Haec
1255 243 1341 280 dum
1363 244 1416 279 illi
1436 244 1632 292 agitarent,

237 295 387 343 reliquis
407 296 581 331 omnibus
603 293 853 329 moestovultu
874 303 1004 327 terram
1019 293 1265 334 intuentibus,
1293 293 1343 328 ita
1355 292 1453 339 Julia
1481 293 1633 340 (mater)

173 362 216 395 17
236 346 392 391 loquuta
413 346 481 384 est,
521 345 670 379 Terram
692 340 841 387 quidem
861 351 900 375 et
922 353 1041 382 mare,
1066 354 1088 375 ο
1108 339 1195 384 filii,
1232 340 1301 377 iam
1330 340 1525 377 inuenistis
1553 354 1633 389 quo

236 394 338 442 paflo
358 393 551 430 diuidatis:
580 404 617 428 et
635 391 893 426 continentem
909 401 1126 437 Vtramque,
1152 401 1192 425 vt
1210 389 1334 425 dicitis
1349 414 1359 430 ‚
1393 389 1539 425 Pontici
1560 388 1635 426 dis.

172 458 213 490 18
236 443 435 480 criminant
451 441 600 479 fluctus:
628 450 779 475 matrem
799 450 888 474 vero
907 449 1071 485 quonam
1095 440 1207 475 modo
1228 437 1432 476 diuidetis?
1469 449 1636 485 quonam
1687 453 1693 461 ¹

235 492 347 528 modo
370 489 498 526 infelix
522 503 590 529 ego
613 487 800 525 distribuat
826 485 926 521 inter
947 497 1146 532 vti-umque
1169 488 1347 529 vestrum,
1399 497 1460 522 aut
1483 487 1638 522 disseca-

171 557 216 590 19
236 542 330 577 bor?
365 541 430 575 Me
452 532 600 585 primam
623 533 735 585 igitur
764 533 946 576 occidite,
983 535 1266 583 ‘dimidiamque
1287 547 1442 582 vterque
1471 534 1567 581 apud
1597 533 1637 570 se

237 597 378 637 partem
398 588 566 634 sepeliat,
591 598 632 622 vt
651 598 720 632 ego
739 596 891 632 quoque
910 583 1008 620 inter
1028 598 1094 620 vos
1125 598 1207 622 cum
1236 584 1323 620 mari
1354 596 1526 631 terraque
1559 582 1637 630 ipsa

168 654 219 680 20
239 637 391 673 diuidat.
447 638 546 672 Haec
566 638 719 681 loquuta
740 634 863 669 multis
883 645 963 669 cum
977 633 1146 681 lacrymis
1165 634 1390 680 eiulatuque,
1419 645 1548 668 manus
1559 644 1636 668 am.

237 687 355 722 bobus
376 685 562 725 iniicicns,
590 683 779 728 complexa
799 694 1009 728 Vtrumque,
1034 681 1274 719 reconciliare
1295 682 1396 718 inter
1422 681 1458 716 se
1479 681 1639 717 conaba-

170 753 212 778 ,χ
236 747 305 771 rur.
358 737 482 778 Quare
503 744 630 769 coorta
652 730 906 771 miseratione,
935 732 1059 768 cuncti
1079 731 1288 775 discessere,
1310 731 1522 779 improbato
1544 741 1638 768 con-

233 784 338 821 filio:
362 782 506 832 ipfique
526 783 565 819 in
588 782 693 818 aedes
711 779 791 818 suas
811 779 955 817 reuersi.

905 913 972 950 IV.

230 980 320 1048 Sed
342 979 512 1030 gliscebat
532 979 572 1016 in
591 979 669 1016 dies
688 978 813 1016 odium
831 989 943 1027 atque
964 978 1180 1015 discordiae.
1239 978 1338 1015 Nam
1366 976 1437 1015 line
1457 977 1571 1014 duces
1597 988 1640 1014 ac

303 1029 527 1076 magistratus
546 1029 660 1076 aliqui
681 1029 926 1071 eligerentur,
950 1038 1107 1075 vterque
1146 1029 1182 1072 r)
1196 1027 1316 1063 amico
1335 1027 1398 1065 suo
1413 1026 1641 1074 potiffimum

192 1099 214 1124 2
233 1077 514 1124 suffragabatur:
541 1076 615 1114 siue
658 1078 714 1114 ius
733 1073 946 1119 ‘dicerenn
986 1078 1160 1124 (semper)
1195 1077 1228 1123 s)
1247 1075 1386 1113 diuersa
1417 1075 1643 1117 sentiebant,

232 1138 369 1173 magno
398 1129 575 1163 interdum
603 1126 754 1162 illorum
783 1126 949 1173 periculo
976 1126 1057 1161 cuia
1091 1125 1362 1172 resagebatur.
1398 1123 1522 1171 pluris·
1537 1125 1641 1160 enim

192 1191 211 1228 3
230 1176 388 1212 studium
412 1175 514 1212 suum
536 1188 643 1222 quam
663 1174 716 1210 ius
733 1186 796 1210 aut
819 1187 979 1222 aequum
999 1173 1201 1209 faciebant:
1242 1174 1355 1210 etiam
1375 1173 1416 1209 in
1435 1171 1533 1209 ludis
1553 1171 1638 1219 ipsis

233 1224 456 1260 diuersarum
477 1224 618 1269 semper
636 1222 850 1259 fastionum.
909 1223 1226 1271 Nihilpraeterea
1248 1220 1462 1259 infidiarum
1487 1221 1642 1258 omitte-

192 1292 215 1324 4
232 1274 346 1312 bant,
373 1284 514 1317 coquos
536 1271 742 1308 identidem
764 1282 799 1307 et
820 1271 1016 1317 pincernas
1037 1271 1162 1306 conati
1192 1271 1235 1306 ad
1265 1269 1444 1307 veneficia
1464 1269 1641 1317 impelle-

195 1340 213 1374 ς
234 1335 291 1357 re:
317 1327 350 1361 t}
371 1333 463 1368 quae
480 1321 539 1356 vbi
563 1320 702 1356 tardius
731 1320 1002 1367 procedebant,
1027 1319 1126 1367 quod
1157 1318 1297 1354 scilicet
1324 1330 1481 1367 vterque
1508 1330 1641 1366 magna

236 1369 429 1418 diligentia
452 1382 612 1416 curaque
628 1369 752 1405 cibum
776 1369 1016 1416 capell‘erent:
1046 1368 1228 1414 postremo
1251 1367 1449 1414 impatiens
1471 1367 1639 1403 Antoni-

195 1430 216 1463 6
235 1431 326 1460 nus,
354 1428 464 1461 atque
486 1418 630 1463 imperii
650 1418 768 1454 totius
790 1417 970 1462 cupidine
1001 1417 1215 1464 instigatus,
1250 1416 1436 1452 deliberat
1465 1427 1641 1464 maguum

234 1467 375 1513 aliquid
396 1467 453 1502 vel
476 1467 595 1502 facere
614 1467 672 1501 vel
694 1465 791 1512 pati:
826 1466 1040 1513 ferrumque
1071 1476 1109 1501 et
1129 1467 1278 1501 caedem
1309 1464 1476 1501 molitur.
1528 1467 1569 1511 v)
1591 1465 1640 1500 Et

234 1517 383 1562 quando
414 1515 516 1551 secus
547 1515 789 1560 procefferant
814 1514 973 1550 latentes
1000 1514 1169 1555 insidiae,
1204 1513 1441 1550 necessarium
1472 1515 1640 1560 putabat,

196 1587 219 1620 7
236 1564 401 1610 periculo
430 1563 532 1599 omni
563 1576 602 1598 ac
629 1564 688 1610 spe
714 1563 937 1609 posthabita,
972 1563 1106 1610 quouis
1125 1562 1239 1598 modo
1264 1562 1458 1608 inceptum
1482 1574 1641 1610 patrare.
1694 1567 1707 1610 j,

195 1634 215 1666 3
237 1615 363 1659 Qlare
381 1612 525 1659 irrupto
545 1611 665 1648 fratris
686 1612 882 1654 cubiculo,
911 1612 1004 1647 nihil
1026 1624 1112 1648 eum
1142 1612 1217 1647 tale
1249 1611 1499 1659 expectantem
1529 1609 1640 1658 supra

235 1660 359 1697 matris
383 1661 506 1707 peetus
525 1662 644 1697 multo
665 1662 867 1697 vndantem
887 1659 1066 1708 sanguine
1079 1660 1206 1697 saeuus
1227 1662 1436 1697 obtruncat.
1484 1660 1572 1706 Qo
1586 1659 1643 1695 fa-
1698 1681 1707 1693 ».

195 1731 216 1765 9
236 1710 295 1746 c'to
309 1735 318 1749 ‚
345 1710 452 1745 exilit
472 1709 588 1746 statim
602 1735 611 1747 ,
639 1722 680 1744 ac
700 1721 767 1757 per
790 1720 909 1746 totam
929 1710 1064 1757 regiam
1088 1721 1237 1746 currens
1257 1707 1436 1750 clamitat,
1462 1720 1642 1757 magnum

232 1758 270 1796 se
285 1757 493 1807 periculum
511 1756 672 1807 effugisse
685 1782 696 1800 ‚
724 1758 860 1808 vixque
880 1757 1020 1796 euafiffe
1038 1757 1282 1795 incolumem.

280 1875 319 1921 q>
345 1885 440 1921 quae
453 1885 574 1911 autem
588 1873 762 1910 ulteriora
779 1873 909 1917 client,

230 1924 275 1959 ad
316 1924 501 1960 orientem
535 1935 653 1971 usque
667 1949 678 1965 ‚
716 1924 908 1971 pertinere

228 1971 275 2008 ad
295 1972 427 2008 Getam
447 1974 588 2009 volens.
620 1973 721 2008 Haec
740 1972 827 2008 dum
851 1971 906 2008 illi

229 2020 495 2063 informarent,
524 2021 588 2058 rel.
611 2019 678 2057 i.e.
700 2021 804 2063 haec,
832 2020 907 2056 vel-

227 2080 273 2123 ut
301 2069 488 2116 quoddam
508 2069 592 2106 suae
612 2068 802 2106 divisionis
821 2069 906 2116 spe-

229 2130 378 2160 cimen,
418 2130 685 2165 proponerent.
737 2118 854 2166 Steph.

279 2169 314 2210 r)
343 2167 501 2203 amicum
541 2169 644 2205 suum
682 2179 905 2216 promovere

229 2214 395 2250 volebat,
453 2216 570 2264 Steph.
842 2224 847 2227 ’

280 2266 312 2307 s)
340 2264 522 2300 contraria
544 2264 773 2309 sentiebant,
800 2265 839 2302 in
858 2265 905 2302 il-

228 2311 349 2347 lorum
373 2311 560 2349 interdum
575 2315 790 2360 perniciem,
813 2326 905 2362 quo·

228 2372 310 2395 rum
332 2360 432 2396 causa
446 2363 629 2408 agebatur.
657 2364 708 2400 Pl.
730 2377 788 2400 en.
803 2364 905 2400 suum

224 2408 482 2492 §onrgndendi
514 2409 694 2453 studium,
727 2424 838 2460 quam
864 2432 903 2441 —-

251 2466 308 2503 ηρ
338 2483 345 2491 .

275 2512 307 2548 t)
336 2505 604 2544 Neutriautem
625 2507 733 2545 facile
745 2522 799 2546 res
814 2483 903 2558 pro-

223 2552 391 2589 cedebat.
442 2556 558 2603 Steph.

270 2604 312 2648 v)
344 2603 475 2644 Quum
496 2605 598 2641 enim
628 2607 788 2644 latentes
815 2605 902 2643 insi-

223 2649 306 2687 diae
328 2662 410 2688 non
436 2655 709 2700 procederent,
746 2655 903 2694 necessa-

957 1875 1028 1912 rias
1063 1873 1282 1912 existimavit
1307 1885 1389 1916 eaS,
1429 1885 1523 1921 quae
1552 1885 1640 1910 cum
1679 1914 1684 1916 ,

957 1925 1124 1971 periculo
1154 1934 1192 1959 et
1226 1921 1484 1971 desperatione
1521 1922 1639 1961 essent

956 1973 1202 2014 coniunctae,
1245 1971 1356 2008 huius
1392 1972 1546 2020 quidem
1588 1972 1639 2008 ob
1681 1986 1686 1992 ’

955 2034 1133 2062 amorem,
1151 2020 1250 2057 illius
1271 2031 1395 2057 autem
1407 2021 1457 2057 ob
1477 2021 1639 2068 insidias.

956 2071 1030 2108 Sed
1052 2071 1143 2107 haec
1167 2069 1346 2114 postrema
1367 2081 1386 2105 a
1409 2069 1521 2107 Polit.
1551 2069 1639 2105 sunt

955 2118 1220 2168 praetermissa:
1256 2130 1298 2154 ac
1335 2128 1438 2156 certe
1482 2116 1640 2158 Graeca,

954 2181 1049 2216 quae
1069 2168 1113 2203 iis
1134 2167 1375 2214 respondent,
1403 2167 1527 2208 verba.
1551 2166 1639 2204 sunt

954 2216 1129 2264 suspecta.

954 2277 1059 2307 rum,
1109 2277 1219 2314 quare
1251 2265 1323 2300 irr.
1348 2263 1412 2310 fr.
1447 2264 1523 2300 cub.
1562 2272 1637 2302 etc.

955 2315 1094 2351 Graeca
1124 2314 1234 2349 verba
1261 2311 1416 2354 sonant,
1453 2313 1545 2349 Geta
1565 2312 1636 2360 igi-

955 2375 1017 2400 tur
1035 2361 1194 2398 letaliter
1204 2362 1435 2401 vulneratus,
1457 2361 1636 2410 sanguine

952 2413 999 2448 ad
1027 2409 1152 2447 matris
1187 2409 1312 2456 pestus
1346 2408 1482 2452 effuso,
1518 2408 1635 2447 vitam

953 2473 1037 2497 cum
1059 2469 1178 2496 morte
1198 2458 1454 2495 commutavit.
1506 2460 1633 2502 Anto,

953 2509 1065 2546 ninus
1087 2518 1223 2561 autern,
1247 2517 1360 2554 quum
1379 2506 1529 2544 caedem
1549 2519 1632 2552 per-

952 2556 1144 2606 petrasset,
1168 2569 1188 2593 e
1206 2554 1379 2592 cubiculo
1398 2556 1434 2592 se
1456 2555 1632 2606 proripit,

952 2618 993 2643 ac
1013 2618 1079 2656 per
1097 2614 1164 2644 tot.
1191 2615 1268 2655 reg.
1321 2604 1439 2655 Steph.

1684 2670 1707 2850 ·.:v.'·'·,·2—-‚·
1692 2594 1705 2651 ³⁴*
1688 2452 1707 2581 Μ(
1693 2403 1706 2414 τ
1689 2354 1705 2366 “,
1694 2315 1707 2321 2

1341 1757 1459 1795 Simul
1482 1757 1642 1806 imperat
1686 1747 1707 1812 ,ἕ

1179 2218 1376 2252 Caeterum
1421 2215 1509 2251 loco
1554 2213 1638 2252 illo·
1692 2223 1693 2226 ’
