1748 3017
266 105 328 157 18
441 101 954 151 HERODIANI
1030 96 1520 145 HISTORIAE

225 226 247 262 4
268 229 348 256 tum
371 217 409 254 in
435 216 598 253 futurum
621 213 768 261 peffimo
795 210 961 259 augurio,
978 210 1172 247 vniuersos
1197 208 1415 246 conterruit.
1468 208 1563 245 Nam
1584 209 1702 257 quum

262 279 395 316 'neque
415 266 546 302 imbres
563 264 626 300 vlli
646 275 766 310 neque
780 262 913 304 nubes,
941 270 1161 307 tantumque
1179 260 1331 306 exiguus
1350 267 1470 293 terrae
1491 269 1615 308 motus
1637 264 1702 294 an'-

267 316 464 356 teceffiss'ct,
488 314 548 349 seu
577 311 748 348 nosturni
770 309 850 346 casu
878 308 1061 350 fulminis,
1090 308 1162 344 siue
1186 308 1260 355 igni
1284 308 1407 353 aliquo
1432 307 1471 342 in
1491 307 1571 353 ipso
1589 318 1723 343 terra-³

267 378 350 402 rum
372 375 476 400 motu
506 362 610 398 velut
638 360 798 400 extrito,
821 368 945 398 totum
977 357 1023 393 de
1046 358 1247 402 improuiso
1269 357 1370 392 Pacis
1397 356 1577 402 templum
1605 368 1699 392 con-

265 415 450 461 sumptum
480 410 655 447 incendio
676 409 742 445 est:
768 407 869 456 quod
891 419 1007 443 vnum
1028 406 1167 443 scilicet
1193 417 1288 452 opus
1308 403 1524 441 cunstorum
1543 415 1622 442 tota
1641 417 1702 441 vr-

270 465 316 500 be
345 462 541 497 maximum
574 458 647 495 fuit
671 469 781 505 atque
808 455 1116 503 pulcherrimum:
1149 455 1247 490 idem
1275 452 1502 499 templorum
1530 455 1700 491 omnium

270 510 596 559 opulentiffimum,
622 506 660 550 k)
682 503 900 554 egregieque
919 504 1118 546 munitum,
1146 504 1341 550 multoque
1359 513 1531 538 ornatum
1553 514 1640 543 auro
1660 513 1700 538 ct

233 569 250 604 5
273 572 437 609 argento.
485 558 637 605 Qiippe
669 553 825 591 vniuerfi
853 553 972 590 ferme
999 553 1076 589 suas
1113 552 1201 590 illuc
1230 551 1401 594 diuitias,
1428 549 1525 596 quast
1552 551 1596 588 in
1622 551 1705 588 the·

270 610 425 649 faurum,
453 607 725 654 congerebantx
752 603 910 649 ideoque
929 615 994 650 per
1015 603 1159 639 notkem
1181 600 1423 638 debacchatus
1443 599 1540 649 ignis
1559 601 1701 637 multos

271 672 315 694 ex
345 655 535 703 opulentis
559 665 697 702 egenos
719 651 890 688 reddidit.
943 653 1178 699 Qapropter
1205 661 1441 686 communem
1472 648 1621 697 quidem
1651 648 1705 685 ia-

269 708 402 744 &uram
435 704 578 751 publice
607 714 757 744 omnes,
783 701 880 736 suam
908 712 1033 737 autem
1064 700 1220 747 quisque
1248 699 1421 746 priuatim
1448 697 1703 746 deplorabant.

231 756 252 789 6
271 757 342 792 Sed
363 755 423 791 ubi
447 753 627 799 templum
647 763 759 787 omne
786 748 1046 796 consumptum
1073 749 1222 797 ignibus
1241 747 1311 790 est,
1335 748 1510 796 totiusque
1528 749 1603 785 eius
1627 761 1704 783 am-

271 807 375 846 bitus,
406 802 560 849 plurima
592 812 743 848 quoque
768 809 806 835 et
827 799 1070 845 pulcherrima
1099 799 1198 834 vrbis
1222 796 1384 833 aedificia
1413 796 1702 844 conflagrarunt.

230 862 251 895 7
271 856 370 891 Inter
397 864 489 899 quae
508 850 617 886 etiam
639 849 767 884 Vestae
786 848 981 894 templum,
1008 846 1055 882 fic
1076 858 1115 882 vt
1135 846 1338 882 Palladium
1369 856 1520 893 quoque
1549 845 1702 893 conspi-

270 914 453 941 ceretur:‚
495 900 596 945 quod
625 896 802 944 imprimis
831 898 962 933 colunt
988 907 1100 943 atque
1127 896 1165 931 in
1195 908 1327 930 arcano
1361 895 1499 932 habent
1529 894 1700 936 Romani,

267 951 382 987 Troia
409 954 466 993 (vt
485 948 699 994 perhibent)
727 945 912 986 arretium,
942 957 983 980 ac
1004 956 1084 981 tum
1109 944 1268 992 primum
1290 945 1546 992 lypostquam
1567 944 1605 980 in
1632 946 1705 980 lta·
1733 976 1738 979 ,

229 1006 247 1037 8
268 1001 353 1038 liam
374 996 536 1037 deuenit,
563 994 795 1042 conspec‘tmn
818 995 861 1031 ab
891 994 1104 1030 bominibus
1125 993 1263 1043 nqsz‘rae
1280 995 1426 1029 aetatis.
1477 993 1628 1040 Qippe
1647 1004 1704 1038 τεὴ

268 1061 370 1096 ptum
391 1045 426 1081 id
442 1045 598 1080 Vestales
616 1044 776 1092 virgines
795 1043 913 1079 media
933 1044 1028 1080 sacra
1047 1043 1104 1078 via
1128 1043 1165 1079 in
1185 1044 1304 1079 aulam
1325 1043 1560 1089 imperatoris
1583 1053 1702 1078 trans-

226 1106 248 1139 9
268 1098 445 1134 tulerunt.
485 1094 625 1130 Multae
650 1106 671 1140 p
686 1102 908 1129 raeterea
934 1094 1028 1128 aliae
1047 1093 1394 1139 pulcherrimaeque
1416 1093 1514 1128 vrbis
1536 1101 1704 1139 partes

268 1144 492 1182 combustae:
530 1141 786 1190 plurimosque
814 1141 893 1178 dies
916 1152 1154 1189 peruagatum
1179 1142 1395 1178 incendium
1425 1154 1503 1177 non
1527 1139 1626 1188 prius
1651 1139 1716 1176 se·'

204 1204 250 1230 10
269 1197 396 1232 datum
422 1192 484 1232 est,
511 1203 619 1238 quam
646 1189 851 1237 repentinis
880 1189 1056 1225 imbribus
1085 1189 1377 1237 extingueretur.
1429 1193 1558 1238 ltaque
1584 1199 1706 1225 totam

268 1256 345 1281 rem
367 1240 437 1277 diis
459 1240 688 1287 imputabant
706 1238 784 1275 eius
811 1239 940 1275 aetatis
960 1238 1146 1279 mortales,
1173 1251 1331 1286 quorum
1350 1237 1489 1275 scilicet
1509 1240 1704 1274 vuluntate

206 1303 246 1327 11
270 1304 309 1329 et
338 1289 517 1326 inchoasse
549 1289 762 1324 incendium
797 1298 834 1324 et
861 1287 983 1324 dcfiffe
1010 1288 1299 1324 arbitrabantur:
1328 1299 1368 1323 ac
1392 1287 1566 1334 portendi
1593 1287 1701 1327 bella,

271 1353 365 1388 quae
393 1339 475 1375 sunt
501 1338 678 1383 deinceps
698 1337 880 1376 insecura,
909 1337 1132 1382 consumpto
1162 1335 1259 1383 pacis
1289 1339 1451 1383 templo,
1479 1335 1705 1381 interpreta-

206 1401 248 1425 12
269 1392 409 1426 bantur.
467 1388 585 1433 Qam
618 1386 792 1433 deinceps
818 1385 950 1420 famam
981 1398 1100 1421 rerum
1130 1397 1289 1422 euentus
1312 1394 1371 1430 (vt
1397 1384 1512 1434 postea
1539 1385 1706 1428 dicemus)

207 1448 248 1484 13
270 1436 538 1484 comprobauit.
591 1433 791 1471 Enimuero
816 1435 982 1482 piurimis
1005 1433 1246 1481 maximisque
1265 1433 1637 1471 incommoditatibus
1656 1433 1707 1469 la-

268 1489 423 1524 borante
442 1484 604 1525 ciuitate,
629 1497 708 1519 non
727 1483 812 1525 iam,
832 1484 883 1519 vti
903 1483 1241 1527 antea‚mulritudo
1261 1485 1442 1520 beneuole
1456 1485 1708 1520 Commodum

269 1536 439 1582 aspicere,
460 1538 509 1575 m)
529 1533 588 1569 sed
616 1532 752 1569 referre
770 1545 900 1568 omnes
921 1533 1001 1568 eius
1021 1531 1235 1568 calamitatis
1261 1533 1401 1570 causam
1434 1534 1473 1568 in
1493 1533 1592 1569 illius
1610 1531 1708 1568 iniu-

207 1597 250 1629 14
271 1585 341 1621 stos
364 1583 470 1624 astus,
500 1593 537 1618 et
558 1583 696 1628 reliqua
715 1580 812 1617 vitae
832 1581 997 1618 crimina.
1049 1581 1241 1628 Siquidem
1259 1594 1383 1628 neque
1403 1582 1568 1618 latebant
1587 1594 1707 1629 popu-

265 1635 349 1670 ·lum
368 1631 498 1667 scelera
522 1631 704 1667 hominis:
731 1642 856 1678 neque
875 1631 992 1679 latere
1009 1629 1082 1676 ipse
1103 1632 1274 1671 voiebat,
1299 1631 1358 1667 sed
1381 1644 1473 1679 quae
1503 1631 1604 1667 domi
1626 1642 1705 1667 non
1746 1637 1748 1675 4

271 1682 345 1718 sine
363 1680 513 1717 infamia
541 1681 784 1726 patrabantur,
812 1693 851 1714 ea
874 1680 984 1716 etiam
1005 1679 1043 1714 in
1067 1678 1255 1726 publicum
1278 1681 1459 1717 ostentare
1478 1681 1574 1717 haud
1599 1692 1708 1716 vere'·
1747 1678 1748 1707 ἶ

209 1743 250 1776 15
274 1733 395 1769 batur:
422 1741 542 1776 eoque
570 1728 764 1764 vecordiae
785 1728 1085 1776 petulantiaeque
1106 1729 1285 1775 proceffir,
1304 1741 1344 1765 vt
1366 1729 1706 1776 paternumrprimo

272 1791 480 1821 cognomen
503 1777 733 1823 repudiaret,
760 1789 801 1812 ac
829 1790 896 1823 pro
925 1779 1135 1813 Commodo
1164 1779 1278 1814 Marci
1309 1777 1411 1822 filio,
1440 1778 1640 1815 Herculem
1671 1778 1708 1815 se

210 1820 375 1866 1610fiis
398 1822 512 1863 filium
545 1825 681 1862 iufferit
708 1826 906 1873 appellari:
935 1830 975 1868 n)
1007 1826 1249 1873 depofltoque
1281 1827 1492 1875 principum
1522 1829 1710 1865 Romano-

273 1891 351 1913 rum
380 1877 505 1915 cultu,
534 1875 652 1911 leonis
690 1876 824 1920 pellem
851 1876 1114 1917 substerneret,
1158 1888 1343 1924 manuque
1369 1877 1507 1914 clauam
1541 1877 1707 1926 gestaret,
1740 1907 1743 1912 .

271 1926 374 1962 fimul
395 1936 594 1971 purpureas
611 1924 674 1959 fibi
694 1934 803 1972 atque
824 1936 913 1959 auro
938 1924 1093 1960 intextas
1111 1926 1224 1961 vestes
1244 1927 1506 1968 circumdaret,
1534 1925 1709 1962 non-{ine

272 1975 438 2010 omnium
467 1974 555 2008 irri
572 1972 714 2008 sione:
740 1974 879 2019 quippe
902 1974 1033 2008 eodem
1064 1975 1096 2018 o)
1120 1973 1301 2011 schemate
1323 1986 1362 2012 et
1379 1975 1627 2012 foeminarum
1654 1976 1711 2012 lu·

209 2038 250 2072 17
270 2037 353 2061 xum
379 2034 416 2059 et
438 2023 593 2058 ireroum
616 2021 792 2058 virtutem
810 2021 1115 2070 repraesentabat.
1165 2025 1296 2060 Talem
1315 2025 1353 2071 p)
1371 2025 1409 2062 se
1427 2024 1603 2061 videlicet
1619 2036 1711 2075 quo-

322 2138 358 2183 k)
386 2138 486 2184 quod
507 2136 592 2173 esset
610 2137 755 2185 egregie
769 2138 963 2178 munitum,
1012 2136 1134 2175 fiebat.
1196 2140 1316 2188 Steph.
1373 2139 1524 2178 iniustas
1569 2141 1711 2180 caedes,
1739 2168 1742 2171 v

271 2188 431 2223 donariis
445 2187 560 2222 aureis
579 2198 689 2233 atque
704 2187 888 2235 argenteis
901 2200 962 2224 or·
1011 2189 1154 2223 Memm.
1735 2183 1746 2203 ²

253 2236 544 2300 'natu1n.SteJ:h.
1060 2254 1099 2299 n)
1136 2253 1304 2300 depofiro
1349 2266 1423 2301 que
1459 2253 1709 2293 Romanorum

320 2304 358 2344 l)
386 2314 427 2336 ex
457 2312 530 2346 quo
559 2297 594 2334 in
617 2300 695 2335 ltal-
717 2299 799 2337 dev.
820 2302 912 2349 Sylh.
1011 2301 1124 2342 cultu,
1145 2304 1208 2348 qui
1229 2301 1347 2350 regius
1366 2313 1455 2344 erat,
1479 2303 1537 2340 vel
1553 2300 1709 2352 impera-

321 2373 370 2411 m)
400 2366 457 2400 sed
504 2363 640 2399 referre
685 2365 795 2400 etiam
842 2365 961 2403 causas
1011 2351 1137 2392 ‘orius’
1161 2352 1182 2386 i·
1202 2364 1233 2386 e·
1264 2351 1328 2398 qui
1349 2363 1466 2413 ‘eges’
1493 2351 1568 2390 flue
1588 2354 1706 2410 impe-
1729 2375 1747 2406 ,ἲ

271 2427 401 2451 omnes
423 2413 783 2459 &vanitatumquae
802 2426 874 2451 tam
887 2428 961 2452 cre-
1008 2410 1162 2454 farore&
1191 2401 1354 2437 decebat.
1381 2401 1497 2450 &epla
1683 2412 1689 2414 ’
1743 2411 1747 2418 ’

271 2465 355 2500 brae
376 2475 496 2500 erant.
524 2462 559 2496 in
582 2463 774 2497 temeraria
804 2465 881 2500 eius
904 2466 960 2500 ho·
1057 2465 1098 2511 o)
1135 2465 1314 2501 Schemate
1343 2466 1436 2502 dicit
1466 2479 1533 2514 pro
1570 2466 1708 2510 habitu,

268 2507 435 2552 mici'dia,
474 2510 545 2546 flue
571 2511 834 2555 incorglsderata.
884 2511 959 2550 Nisi
1010 2525 1055 2549 ex
1092 2513 1243 2549 Plauto:
1290 2517 1387 2561 apud
1421 2526 1532 2563 quem
1578 2522 1706 2558 tamen
1732 2481 1748 2558 i

269 2560 418 2605 respicit
442 2562 482 2595 ad
505 2572 581 2599 eos,
608 2559 670 2605 qui
694 2560 873 2607 supplicio
902 2562 957 2598 in-
1001 2560 1140 2608 schema
1161 2563 1311 2610 legitur,
1340 2576 1416 2599 non
1435 2564 1636 2613 sehemate,
1663 2565 1704 2601 in
1734 2562 1746 2608 Ῐζ

269 2610 365 2644 α’ἰόΙα
384 2608 483 2656 causa
508 2607 772 2649 afficiebantur3
801 2613 900 2657 quod
923 2623 960 2648 et
1009 2610 1196 2656 Amphitr.
1214 2625 1288 2649 cum
1308 2613 1432 2649 seruili
1455 2612 1591 2661 schem‘a
1611 2625 1704 2651 caet.
1727 2641 1738 2645 ,-

271 2659 522 2702 inconsiderate
551 2669 588 2692 ac
618 2659 808 2695 temerarie
840 2660 881 2696 ab
912 2672 956 2697 co
1004 2660 1121 2707 Steph.

1051 2710 1089 2755 p)
1117 2710 1233 2753 Talis,
1261 2722 1377 2759 quum
1398 2709 1585 2760 prodibat,
1613 2687 1748 2762 con-i}

1720 2850 1748 2968 f

1718 2915 1748 2999 i
