1707 3029
498 93 800 140 LIBER
898 93 1004 138 IV.

1394 101 1461 146 77

57 215 243 255 tabanum,
271 209 452 258 simulque
471 209 614 258 legatos
637 221 720 246 cum
742 208 959 246 muneribus
978 208 1098 246 mittit
1115 209 1226 245 omnis
1243 208 1275 254 e)
1290 206 1464 255 materiae

58 275 97 302 et
115 262 201 299 artis
222 260 454 307 conspicuae.
501 262 542 296 ln
563 257 617 298 eis
638 257 754 296 literis
777 257 900 295 fuerat
919 258 1095 306 scriptum
1109 284 1118 300 ,
1145 259 1235 294 velle
1252 257 1289 305 se
1308 257 1405 307 regis
1415 256 1462 303 fi·
1484 256 1502 294 3

57 313 144 350 liam
161 313 288 348 ducere
308 310 346 345 in
367 308 653 350 matrimonium,
680 308 876 357 principem
891 308 931 357 se
950 308 1012 356 effi
1026 334 1035 348 ,
1064 317 1099 343 et
1125 308 1290 357 principe
1317 315 1463 343 natum:

55 373 167 410 quare
187 361 286 396 baud
308 359 469 394 decorum
501 357 645 407 priuati
663 358 864 404 cuiusquam
881 366 917 393 et
937 358 1054 394 tenuis
1064 357 1151 404 fieri
1170 369 1365 406 generum,
1400 353 1470 406 sed
1481 357 1505 391 4

57 410 219 457 reginam
240 410 368 445 ducere
383 408 496 456 potius
508 407 692 455 filiamque
709 407 832 454 magni
849 407 956 453 regis.
1022 407 1100 442 Duo
1126 406 1284 442 maxima
1312 404 1465 454 imperia
1484 405 1503 441 5

57 458 120 508 (ffi'
133 484 143 501 ,
170 459 361 494 Romanum
381 467 417 494 et
436 456 645 492 Parthicum
658 471 669 490 :
707 457 829 504 quibus
848 455 1027 500 affinitate
1046 456 1111 491 illa
1128 456 1166 491 in
1185 468 1292 491 vnum
1313 454 1467 490 coeunti-

58 511 142 547 bus..
179 521 222 543 ac
241 508 334 542 nullo
356 506 428 541 iam
446 505 713 552 discriminante
723 504 855 553 fluui0,
886 517 992 541 vnam
1022 514 1163 541 tantum
1185 504 1383 554 potentiam
1401 501 1470 549 fa-

59 558 152 594 Hum
174 557 248 598 iri,
274 556 381 592 nullis
403 555 671 602 expugnabilem
690 555 843 591 viribus.
891 554 984 595 Nam
1015 554 1172 602 reliquas
1193 555 1370 590 barbaras
1402 565 1468 588 na·
1487 557 1511 592 6

59 608 194 647 tiones,
220 617 310 654 quae
334 617 421 640 nunc
441 607 620 640 amborum
640 604 801 652 imperiis
814 602 1085 652 sulaict‘laesunt
1099 627 1108 645 ,
1137 604 1256 650 facile
1276 605 1393 652 iugum
1414 611 1471 637 to-

59 657 265 698 leraturus,
281 654 323 700 f)
332 653 373 699 ſs
385 653 549 700 proprios
567 666 656 701 gens
673 666 828 701 quaeque
846 664 880 689 et
900 664 1087 691 conuentus
1097 654 1152 700 sit
1169 654 1340 689 habitura
1359 651 1469 688 reflo-

59 716 130 742 res.
180 701 254 751 Effe
273 702 437 738 Romanis·
455 701 645 751 pedestrem
666 703 856 738 exercitum
864 719 878 744 s,
913 706 974 751 qui
989 701 1097 752 hastis
1123 713 1158 738 et
1166 700 1333 752 stataria
1349 710 1469 749 pugna
1487 706 1510 741 7

60 763 219 791 caeteros
242 753 459 788 antecellat:
492 752 639 787 Parthis
659 763 744 788 vero
772 753 968 799 equitatum
984 752 1194 799 ptus-imum,
1226 748 1468 801 peritisfimos·

60 815 126 852 que
138 801 370 851 sagittarios.
424 801 490 837 His
510 799 626 848 igitur
650 803 959 844 eonem-rentibus,
994 811 1030 837 et
1055 814 1144 850 quae
1164 800 1242 850 vsui
1269 803 1322 837 ud
1345 799 1469 837 bellum
1490 802 1510 834 8

56 851 140 901 sunt
164 852 204 886 in
221 863 328 887 vnum
346 851 644 898 conspirantibus,
661 850 783 896 facile?
795 851 883 899 ipsos
896 852 961 900 ,sub
980 864 1048 888 vno
1068 852 1266 888 diademate
1284 851 1397 887 totius
1413 862 1469 885 or-

61 903 114 937 bis
137 910 322 937 terrarum
345 900 527 947 imperium
548 909 764 936 retenturos.
813 902 1009 937 Prae-terea
1025 902 1252 936 odoramenta
1271 913 1361 948 quae
1378 899 1475 949 apud
1489 905 1512 937 9

61 952 142 987 illos
156 948 373 998 proueniant
387 973 397 989 ,
423 951 579 997 telarque
598 945 865 995 laudatifflmas,
891 962 1083 999 contraque
1103 950 1200 998 apud
1214 950 1382 986 Romanos
1402 960 1474 984 me-

60 1000 154 1037 talla
175 997 264 1048 ipsa,
286 1008 322 1033 et
344 1011 565 1046 quaecunque
584 1008 667 1034 arte
687 1001 808 1048 aliqua
826 1000 1008 1049 cotffpicua
1028 997 1207 1048 vifimtur,
1229 1012 1295 1035 non
1314 1000 1388 1035 ium
1405 996 1474 1034 vix

61 1059 215 1098 raroque
235 1057 271 1084 et
293 1048 486 1083 clanculum
502 1058 568 1095 per
589 1057 805 1084 mercatores
833 1049 1063 1098 importatum
1081 1049 1152 1084 iri:
1183 1051 1228 1097 g)
1244 1047 1313 1097 sed
1333 1047 1372 1085 in
1399 1059 1473 1084 vna
1494 1052 1540 1079 10

61 1099 244 1134 duntaxat
264 1106 368 1133 terra
388 1109 522 1145 vnoque
542 1095 703 1145 imperio,
730 1110 1005 1147 communemque
1014 1097 1107 1144 fare
1125 1100 1288 1146 vtrisque
1298 1095 1473 1145 vsurnre-

63 1159 143 1183 rum
163 1146 312 1182 omnium
324 1171 334 1188 ,
360 1147 567 1193 minimeque
585 1147 798 1195 impeditum.
852 1148 920 1184 His
938 1150 1012 1185 eius
1030 1147 1150 1183 literis
1169 1148 1325 1183 Parthu's
1346 1159 1473 1192 accep·
1496 1152 1509 1176 ¹
1521 1152 1536 1178 Ι

65 1196 137 1238 tis,
170 1197 293 1242 primo
317 1195 468 1242 quidem
487 1197 671 1241 abnuere:
707 1208 858 1244 negare,
889 1199 1038 1233 Romano
1065 1197 1252 1232 conuenire
1280 1197 1474 1233 barbarum

62 1245 340 1282 matrimonium.
390 1257 493 1292 quam
513 1245 604 1280 enim
616 1242 707 1288 fore
725 1247 962 1288 concordiam,
989 1257 1096 1294 neque
1115 1257 1197 1281 voce
1210 1244 1305 1294 satis
1322 1257 1472 1293 congru·
1495 1249 1539 1275 12

63 1295 221 1336 entibus,
245 1302 282 1329 et
299 1293 396 1329 viHu
418 1293 608 1339 habituque
625 1294 723 1330 inter
735 1293 775 1344 se
793 1293 1030 1341 distantibus?
1055 1294 1116 1342 effi
1145 1295 1272 1330 Romae
1299 1296 1474 1344 patritios
1495 1297 1537 1334 13
1592 1337 1598 1341 ,

59 1344 272 1395 permultos,
299 1353 446 1390 quorum
453 1343 528 1388 fibi
548 1343 608 1377 iste
627 1352 751 1390 optare
768 1344 896 1382 liberos
917 1348 954 1382 in
974 1345 1242 1382 matrimonium
1260 1341 1362 1393 poffit
1375 1360 1390 1380 ,-
1400 1345 1470 1391 stc-

61 1394 118 1429 uti
134 1393 256 1428 itidem
274 1393 371 1440 apud
379 1391 419 1440 se
440 1390 646 1440 Arsacidas.
697 1394 818 1443 Neque
848 1397 959 1434 vllam
978 1396 1067 1445 sane
1095 1404 1223 1430 extare
1239 1395 1379 1443 causam
1403 1404 1476 1431 cuo·

59 1443 278 1479 alterutrum
292 1452 404 1490 genus
421 1442 660 1478 adulteretur.

734 1540 798 1578 Xl.

62 1605 196 1675 Haec
225 1605 341 1654 igitur
368 1617 387 1640 a
416 1604 604 1653 principio
638 1604 865 1649 rescribens,
902 1605 1163 1644 conditionem
1203 1607 1475 1652 aspernabatur.

158 1655 230 1691 Sed
253 1655 401 1691 instanti
421 1656 647 1698 Antonino,
684 1655 871 1703 donisque
901 1668 940 1692 er
959 1657 1199 1693 iureiurando
1228 1658 1340 1694 fidem
1362 1658 1474 1695 studii

64 1704 118 1744 sui
136 1715 176 1740 et
197 1703 385 1742 charitatis
399 1705 545 1741 vxoriae
566 1705 722 1742 facienti
744 1706 902 1742 credidit
921 1707 1109 1742 barbarus:
1141 1719 1182 1742 ac
1204 1707 1398 1754 pollicitus
1410 1708 1475 1742 da-

65 1766 193 1793 turum
215 1753 349 1794 filiam,
378 1765 555 1802 generum
578 1755 647 1791 iam
668 1754 784 1801 ipsum
807 1755 1060 1802 appellitabat.
1111 1756 1228 1794 Cuius
1252 1757 1305 1793 rei
1325 1758 1474 1805 vulgat-a
1493 1765 1514 1791 2

65 1817 153 1841 mox
176 1802 286 1845 fama,
312 1803 452 1839 barbari
473 1803 612 1840 scilicet
633 1816 764 1840 omnes
783 1806 827 1841 ad
848 1805 1057 1841 Romanum
1078 1803 1350 1853 suscipiendum
1371 1806 1476 1854 prin-

65 1854 189 1900 cipem
209 1853 244 1889 se
265 1855 530 1899 comparabant
545 1878 556 1896 ‚
596 1853 656 1900 spe
677 1855 834 1900 quadam
853 1855 1100 1902 sempiternae
1128 1856 1226 1902 pacis
1253 1858 1474 1897 exultantes.

64 1904 261 1942 Caeterum
275 1901 505 1941 Antoninus,
532 1903 760 1949 probibente
781 1904 885 1940 nullo
909 1904 1047 1941 fluuios
1068 1906 1323 1952 transgressus,
1351 1904 1474 1941 aciani
1494 1912 1513 1950 3

63 1952 272 1990 Parthicam
291 1950 484 2000 regionem
502 1951 601 1997 quali
626 1951 812 2000 propriam
835 1966 1054 2002 peragrans,
1081 1952 1372 1992 sacrificantibus
1391 1953 1475 2001 pas-

63 2001 129 2038 fim
157 1999 355 2042 vniuerfis,
383 2001 565 2048 supraque
583 2012 764 2038 coronata
784 2002 909 2039 altaria
937 2002 1074 2039 odores
1102 2003 1317 2050 omnifarios
1347 2004 1477 2038 incen-

62 2050 260 2092 dentibus,
286 2050 427 2085 laetum
446 2050 481 2085 se
498 2051 644 2087 honore
663 2050 730 2086 illo
753 2052 991 2088 barbarorum
1021 2063 1246 2100 magnopere
1277 2052 1476 2089 fimulabar.
1507 2094 1510 2095 ⁷

67 2098 195 2136 Postea
214 2110 306 2135 vero
328 2109 438 2143 quam
459 2097 594 2145 magno
612 2098 748 2135 itinere
767 2100 889 2142 fasto,
920 2100 966 2136 ad
992 2099 1105 2147 ipsam
1131 2101 1315 2137 Artabani
1336 2101 1475 2149 regiam
1495 2113 1517 2150 4

65 2147 391 2197 appropinquabat
416 2147 454 2194 b)
477 2149 640 2186 occurrit
660 2148 694 2185 ei
716 2160 778 2185 rex
795 2149 836 2186 in
853 2151 1008 2197 quadam
1032 2161 1120 2186 ante
1147 2152 1276 2187 vrbem
1304 2147 1477 2200 planitie,

66 2257 196 2296 peret.
230 2257 267 2284 et
298 2245 474 2282 Romanis
500 2242 552 2282 ita
577 2244 748 2289 scribere,

66 2307 108 2333 vt
126 2296 191 2344 qui
213 2295 385 2332 barbaros
411 2294 613 2333 orientales
626 2293 746 2341 subiu-

58 2345 187 2396 gaffl’t.
207 2390 210 2393 ¹
228 2343 312 2383 Nisi
329 2343 432 2381 forte
453 2343 591 2382 distum
613 2343 678 2388 fit,
706 2344 748 2388 ὦς

66 2393 336 2442 χειρωσάμενος,
363 2405 432 2440 pro
460 2392 501 2436 ὦς
527 2393 748 2442 aeternio-euro,

67 2446 143 2482 hoc
163 2443 290 2485 sensu,
321 2452 358 2478 et
387 2443 552 2480 Romanis
571 2444 746 2492 scribere,

61 2493 102 2542 [e
122 2494 316 2535 barbaros,
332 2492 394 2540 qui
412 2491 452 2527 in
470 2493 608 2530 oriente
626 2495 745 2544 gffi’nt,

59 2541 264 2593 subiugaffi.
324 2540 441 2589 steph.

119 2595 152 2635 e)
181 2590 355 2630 materiae
375 2587 577 2638 pretiosae,
601 2590 747 2630 et'artis

44 2673 45 2676 ,
68 2643 201 2685 variae,
212 2643 278 2680 i.e.
289 2652 370 2678 cum
385 2642 600 2677 muneribus
613 2652 750 2686 rerum,

68 2702 163 2739 quae
191 2704 235 2730 ex
261 2687 422 2741 pretiosa
443 2689 596 2727 materia
618 2690 747 2734 effent,

798 2257 837 2284 et
867 2257 1021 2295 quarum
1050 2249 1137 2286 esset
1166 2248 1308 2286 varium
1328 2246 1481 2285 artifici-

772 2330 776 2332 *
797 2308 874 2339 um,
894 2298 1079 2336 autetiam
1091 2298 1220 2336 sollers
1232 2297 1332 2336 artis.
1359 2298 1478 2346 Steph.

838 2346 884 2394 f)
908 2349 1112 2386 Maluissem
1135 2348 1185 2386 ita
1197 2373 1213 2388 ,.
1245 2359 1349 2395 quum
1374 2347 1481 2383 futu·

797 2407 878 2433 rum
904 2396 958 2439 fir,
986 2407 1029 2433 vt
1047 2398 1216 2446 proprios
1236 2407 1481 2445 vnaquaeque

796 2457 886 2493 gens
914 2458 953 2483 et
979 2447 1237 2494 vnusquisque
1266 2456 1481 2483 conventus

798 2495 1121 2533 habeatrefiores.
1171 2496 1288 2543 Steph.

841 2545 887 2592 g)
916 2545 975 2583 sed
988 2556 1101 2593 quum
1115 2557 1182 2583 una
1195 2545 1318 2582 futura
1329 2543 1372 2581 fit
1383 2553 1480 2580 terra

798 2605 912 2631 vnum
942 2608 1016 2643 que
1054 2593 1272 2644 imperium,
1306 2605 1478 2631 commu-

798 2655 886 2680 nem
907 2643 988 2682 fore
1008 2655 1081 2682 utr.
1133 2644 1252 2692 Steph.

848 2693 887 2741 h)
913 2694 1068 2732 minime
1088 2690 1309 2742 exspeftauit
1322 2690 1480 2730 Artaba-
