1707 3029
533 106 854 154 LIBER
926 104 1025 151 VII.

1403 110 1498 142 111

71 223 388 278 praeoptauerint.
439 221 542 261 Hinc
563 221 688 270 itaque
724 221 947 270 potissimum
975 231 1044 276 per
1072 218 1179 255 vrbes
1205 226 1316 272 atque
1335 213 1507 271 nationes
1528 211 1572 248 16

73 279 309 334 popularium
334 273 447 310 animi
466 273 748 309 intumuerunt:
775 282 906 307 acanec
935 269 1071 305 milites
1099 280 1248 315 quoque
1278 269 1362 302 latis
1388 277 1506 311 aequo
1529 271 1571 307 17

75 339 202 363 animo

227 326 417 365 ferebant,
444 322 752 369 'exprobrantibus
773 319 957 357 inuidiose
988 316 1272 364 consanguineis
1301 326 1411 361 atque
1441 313 1509 348 do-

72 375 254 417 mesticis,
280 386 318 411 et
336 375 368 421 t)
395 371 558 420 ipsorum
579 372 687 419 culpa
705 372 793 408 talia
816 379 958 417 patrare
976 366 1222 404 Maximinum
1243 363 1509 401 distitantibus.

759 487 824 524 lv.

72 581 375 650 Huiuscemodi
399 581 512 631 igitur
532 581 658 618 causae
679 579 833 618 minime
855 577 1025 628 profecto
1046 578 1146 615 leues
1167 578 1210 615 ad
1230 574 1360 614 odium
1382 586 1421 610 ac
1444 575 1514 612 de-

164 632 363 669 fectionem
392 632 550 679 populos
580 631 714 678 prorita
722 632 760 665 ba
768 641 824 666 nt.

899 631 1096 665 Caeterum
1123 628 1219 663 votis
1248 624 1512 663 tantummodo

71 683 252 731 agebant,
281 681 369 716 laesa
390 681 630 728 implorantes
653 678 803 715 numina
820 704 830 720 ,
856 679 962 716 nullo
984 678 1125 713 scilicet
1154 678 1314 712 audente
1346 673 1511 723 profiteri

71 732 110 768 :se
129 730 334 766 vindicem:
361 732 482 767 donec
501 730 624 766 exacto
651 729 796 776 imperii
820 728 1009 768 triennio,
1036 726 1163 774 exigua
1185 726 1334 773 leuique
1355 722 1508 760 occafio-
1529 739 1551 765 2

72 793 122 817 ne
147 781 187 826 v)
216 779 271 825 (vt
292 779 378 816 sunt
397 779 560 816 lubricae
581 790 826 825 tyrannorum
848 780 919 823 res)
952 775 1071 823 primo
1090 789 1182 813 arma
1205 774 1439 820 sumpserunt
1458 785 1511 808 re-

39 849 45 854 *
73 829 334 876 bellaruntque
353 827 456 870 Afri,
482 828 545 864 tali
567 828 688 863 causa:
715 828 757 872 x)
783 830 1001 863 Procurator
1023 836 1100 861 erat
1118 826 1267 873 quidam
1281 821 1512 873 Carthagini,
1529 835 1550 873 3

68 879 135 914 ‘cui
181 876 277 914 nihil
314 877 359 913 ad
381 889 580 913 extremam
615 878 672 912 vel
712 876 942 923 asperitatem
975 875 1033 910 vel
1070 875 1258 911 saeuitiam
1287 874 1422 909 deerat.
1478 873 1512 907 Is

75 926 296 963 damnandis
332 927 471 964 iudicio
503 926 743 968 hominibus,

74 976 252 1026 principis
273 977 532 1021 aucupabatur.

807 926 1072 974 exigendisque
1108 924 1297 970 pemnffis.
1343 923 1512 959 fauorem

586 975 760 1021 siquidem
773 975 1010 1017 Maximinus,
1039 986 1131 1020 quus
1152 973 1213 1009 sibi
1236 973 1350 1009 faaos
1373 984 1514 1020 cogno·
1532 988 1556 1024 4

73 1027 215 1067 scebat,
240 1038 304 1060 eos
327 1025 553 1072 potiffimum
572 1025 732 1072 deligere
752 1024 1003 1062 consueuerat.
1055 1023 1281 1071 Qicunque
1305 1021 1420 1069 igitur
1441 1019 1517 1056 fisci

75 1088 151 1111 rem
174 1074 377 1116 curabant,
408 1073 431 1109 si
453 1075 564 1110 modo
584 1073 651 1109 viri
675 1073 780 1120 probi
808 1074 953 1115 forent,
981 1073 1099 1120 <quod
1123 1085 1268 1119 perraro
1301 1071 1518 1115 eueniebat)

77 1135 140 1159 aut
159 1122 420 1170 procuratione
438 1123 669 1163 exciderant,
699 1133 763 1176 aut
783 1123 959 1177 praesenti
982 1123 1149 1169 periculo
1174 1121 1392 1162 conterriti,
1432 1131 1519 1167 gna-

75 1172 182 1221 tique
204 1171 299 1209 illius
319 1171 513 1212 auaritiae,
540 1171 708 1219 quamuis
729 1172 866 1212 inuiti,
905 1167 1350 1208 caeteroyimitai-›aotun

1416 1170 1514 1210 Qua·
1537 1186 1558 1222 ς

76 1232 229 1269 propter
249 1221 401 1267 Africae
417 1233 652 1267 procurator,
691 1232 773 1255 cum
806 1221 979 1265 pleraque
1006 1219 1074 1255 alia
1107 1218 1290 1255 violenter
1320 1219 1519 1259 faffitabat‚

76 1282 156 1307 tum
176 1271 219 1305 ab
238 1268 537 1306 adolescentibus
557 1268 776 1315 quibusdam
800 1269 994 1306 nobilibus
1014 1281 1126 1314 atque
1153 1269 1343 1315 opulentis
1368 1269 1519 1304 damna—

42 1326 44 1328 ’
75 1320 184 1355 tione
203 1318 489 1356 circumuentis.
533 1318 650 1354 statim
681 1318 827 1366 exigere
855 1318 1031 1365 pecunias
1064 1318 1299 1358 intenderat,
1341 1318 1521 1363 patrimo·

75 1368 217 1414 nioque
237 1367 324 1403 illos
337 1379 376 1403 et
403 1366 512 1403 :luitis
540 1366 649 1404 bonis
679 1379 823 1402 exuere.

887 1367 1032 1409 Quibus
1064 1369 1173 1403 rebus
1201 1368 1404 1404 exacerbati
1433 1366 1518 1403 ado·
1538 1374 1561 1409 6

73 1417 280 1458 lescentes‚
309 1416 431 1463 petito
452 1418 564 1453 trium
583 1417 724 1454 dierum
745 1415 862 1463 spatio
878 1434 885 1453 :
899 1419 945 1465 y)
967 1417 1295 1464 conspirantesque
1317 1416 1518 1454 interimin
1537 1433 1562 1468 7

75 1478 213 1506 vuum,
242 1466 458 1514 quicunque
479 1477 589 1513 graue
609 1465 749 1514 aliquid
772 1468 829 1502 vel
848 1468 929 1514 pasti
954 1466 1122 1508 fuerant,
1164 1468 1222 1502 vel
1253 1467 1412 1513 passuros
1443 1479 1521 1503 me-

77 1517 255 1557 tuebant,
280 1515 411 1551 iubent
432 1514 540 1551 noste
559 1528 603 1552 ex
623 1515 716 1563 agris
737 1516 970 1553 iuuentutem
991 1529 1074 1551 cum
1102 1516 1252 1552 fustibus
1271 1529 1311 1551 ac
1333 1516 1521 1553 securibus

77 1564 207 1600 adesse.
256 1564 336 1606 Illi,
365 1562 606 1601 dominorum
636 1565 790 1610 imperia
817 1577 1069 1612 exequentes,
1118 1578 1254 1602 venere
1281 1577 1366 1614 ante
1397 1567 1520 1602 lucem
1540 1578 1561 1612 ς

79 1612 238 1650 vniuerfi
262 1612 301 1649 in
321 1613 471 1654 vrbem,
499 1614 750 1650 celantes-sub
771 1615 928 1651 vestibus
946 1627 1064 1656 arma,
1098 1627 1192 1662 quae
1221 1615 1354 1662 cuique
1381 1615 1522 1652 tumul-

79 1663 194 1699 tuaria
206 1653 252 1699 se·
262 1662 483 1699 obtulerant.

536 1664 672 1712 Magna
693 1676 781 1700 vero
799 1663 854 1699 vis
879 1665 1092 1702 mortalium
1127 1663 1352 1701 confluxere.

1411 1664 1521 1711 fiqui-
1542 1679 1564 1712 9

79 1710 162 1747 dem
185 1710 461 1748 foecundiffima
491 1711 689 1749 hominurn
715 1712 840 1749 Africa
871 1713 1053 1761 plurimos
1085 1724 1176 1750 tunc
1205 1714 1314 1750 eriam
1347 1726 1520 1763 agrorum

81 1760 242 1797 cultores
260 1761 427 1796 habebat.
481 1762 536 1798 Vt
564 1772 688 1797 autem
715 1762 794 1798 dies
823 1763 892 1798 iam
925 1764 1069 1805 illuxit,
1113 1764 1247 1799 iubent
1271 1765 1522 1800 adolescentes
1545 1778 1590 1813 ιο

83 1822 183 1856 pone
203 1809 305 1859 sequi
325 1810 513 1848 seruorum
544 1811 691 1848 suorum
720 1823 892 1861 gregem,
925 1824 1102 1863 tanquam
1133 1813 1156 1849 li
1186 1827 1207 1849 e
1235 1813 1376 1861 reliqua
1408 1813 1525 1850 ess'ent

130 1941 171 1986 t)
199 1953 348 1990 propter
381 1943 474 1990 ipsos
511 1943 596 1980 talia
639 1953 674 1993 p.
702 1945 780 1986 Μ.»

83 1990 260 2026 nimirum
279 2003 430 2038 propter
451 1992 696 2029 insatiabilem
716 2007 778 2038 pe-

83 2039 273 2076 cuniarum
293 2041 557 2087 cupiditatem,
585 2055 655 2088 qua
675 2054 777 2078 tenc-

86 2090 231 2124 bantur.
262 2089 355 2125 Nam
375 2101 410 2135 p.
431 2103 547 2136 praec.
570 2090 676 2132 dixit,
703 2092 773 2126 Ma>

85 2137 267 2176 ximinum
300 2139 382 2174 suae
407 2139 593 2185 rapacitati
631 2139 779 2175 assiduas

85 2198 168 2234 erga
198 2185 355 2223 militem
391 2188 608 2237 largitiones
647 2189 779 2224 obten-

85 2234 186 2270 disse.
213 2236 330 2281 Stepb.

136 2287 177 2327 v)
205 2286 349 2332 (quales
374 2286 459 2322 sunt
488 2285 697 2334 tyrannidis
729 2285 781 2320 la-

82 2332 185 2380 psus)
209 2336 316 2380 primi
341 2348 436 2370 arma
459 2335 667 2373 sumserunt
692 2347 782 2371 con-

78 2383 212 2419 stanter
229 2395 301 2430 que
320 2386 448 2420 rebell.
477 2388 591 2434 Stepl).

132 2434 174 2472 x)
202 2433 487 2470 Administrabat
515 2437 662 2484 quidam
691 2434 782 2469 Car-

85 2479 532 2532 thaginensemregionem
545 2483 780 2524 acerbissime‚

89 2539 230 2566 etcum
260 2533 362 2567 omni
400 2534 549 2572 saeuitia
588 2535 785 2572 damnabat

90 2577 231 2615 iudicio
242 2604 254 2620 ,
286 2593 397 2628 atque
410 2585 579 2630 pecunias
593 2582 783 2629 exigebat:

90 2628 192 2673 quod
214 2629 310 2665 benc
329 2632 452 2667 audire
464 2634 563 2679 apud
589 2643 682 2671 Max.
708 2630 784 2665 vel-

81 2675 152 2714 let.
208 2678 397 2727 Siquidem
418 2685 658 2722 Maximinus,
688 2691 783 2727 (1005

828 1945 954 1982 auimo
992 1947 1056 1983 suo
1092 1946 1366 1984 conuenientes
1405 1957 1528 1989 norat,

827 2007 892 2030 eos
913 1995 1122 2044 deligebat:
1150 1997 1265 2044 etqui
1286 1996 1530 2033 aerariorum:

831 2056 1045 2090 praeerant,
1073 2046 1210 2081 etiami}
1243 2060 1307 2080 vill
1341 2045 1530 2092 probi'es-

831 2098 933 2133 lent,
959 2094 1077 2139 (quod
1098 2107 1177 2129 raro
1190 2095 1447 2141 contingebat)
1476 2106 1530 2131 ta-

831 2154 916 2176 men
938 2153 976 2176 et
994 2142 1077 2187 ipsi,
1108 2143 1312 2189 periculum
1332 2157 1417 2180 ante
1441 2157 1530 2182 ocu-

830 2191 886 2226 los
908 2192 1105 2232 habentes,
1144 2205 1182 2228 et
1211 2193 1308 2230 illius
1337 2195 1530 2231 auaritiam

832 2239 1012 2282 scientes,
1054 2253 1240 2285 caeteros,
1286 2244 1386 2279 iicet>
1404 2243 1532 2284 inuiti,

834 2288 1083 2327 imitabantur.
1140 2289 1204 2328 Ille
1242 2292 1392 2341 quidem
1427 2304 1530 2329 certe

834 2351 1048 2386 procurator
1080 2340 1226 2379 Africae
1256 2356 1339 2379 cum
1369 2343 1410 2379 in
1438 2344 1531 2379 alios

834 2389 1014 2425 violentua
1040 2391 1228 2434 utebatur,
1257 2405 1333 2432 tum
1366 2406 1463 2434 vero¹
1485 2393 1530 2427 ab

830 2439 927 2475 adol.
963 2441 1077 2480 Stepb.

877 2492 921 2537 y)
946 2490 1007 2526 sed
1023 2503 1158 2536 quum,
1181 2489 1271 2527 faeta
1305 2489 1532 2527 coniuratio-

835 2551 908 2578 ne,
945 2552 1100 2580 omnes,
1132 2552 1228 2586 quos
1258 2553 1406 2577 nouevac
1427 2551 1442 2575 t
1469 2539 1533 2574 ali-

834 2589 922 2635 quid
936 2601 1043 2635 graue
1055 2591 1167 2635 passos
1179 2590 1260 2631 effe,
1281 2591 1337 2625 vel
1351 2600 1532 2629 metuere,

831 2650 881 2674 ne
893 2648 1104 2685 paterentur
1115 2664 1125 2679 ‚
1150 2639 1188 2675 in
1201 2639 1297 2676 suam
1312 2639 1533 2678 sententiam

836 2691 1112 2734 pertraxuienc.
1145 2689 1279 2726 iubent
1303 2710 1340 2721 -
1369 2691 1488 2740 Steph-
