1707 3140
499 131 824 190 ‘LIBER
923 131 1010 178 II.
1427 149 1491 191 33

42 258 127 288 mm
144 245 343 296 largitione
368 256 520 288 omnes,
547 244 613 291 qui
640 255 787 282 tantum
818 244 1033 282 diuitiarum
1053 245 1242 293 poffideat.
1291 246 1410 296 Igitur
1434 247 1496 286 vbi
1520 264 1562 290 11

45 308 174 335 muros
202 296 366 338 acceffit,
399 296 556 331 clamare
590 296 763 342 occoepit
785 295 954 332 daturum
989 307 1084 344 quae
1115 297 1277 334 vellent:
1306 299 1439 334 habere
1459 298 1496 334 se

44 357 194 395 magnas
214 358 320 393 opes.
349 346 483 392 plenos
513 345 588 381 auri
610 345 799 381 thesauros
819 357 931 393 atque
958 344 1111 394 argenti.
1165 347 1383 394 Eodemque
1401 357 1494 383 tem·
1519 363 1562 388 η

36 398 139 445 'pore
157 394 402 440 Sulpitianus,
437 407 475 431 et
497 393 574 439 ipse
594 396 649 430 vir
669 395 882 435 annularis,
910 401 943 437 o)
963 406 1004 429 ac
1025 394 1231 440 praefectus
1253 397 1346 436 Vrbi,
1373 397 1496 433 socer·

40 456 119 494 que
139 442 354 486 Pertinacis,
382 443 578 491 imperium
600 443 821 479 licitahatur.
856 444 996 479 Verum
1021 444 1057 479 in
1078 457 1123 480 eo
1144 445 1280 482 milites
1298 446 1495 492 suspectam
1518 460 1558 498 ¹3

40 495 257 532 habuerunt
276 492 478 529 Pertinacis
509 492 854 540 propinquitatem,
882 494 1020 530 subesse
1049 494 1189 540 aliquid
1211 496 1350 531 fraudis
1371 495 1495 542 sulpe-

41 543 197 585 &antez
216 554 292 591 quo
313 542 415 579 illius
440 543 570 578 caedes
590 541 852 578 vindicaretur.
906 544 1001 589 Ergo
1024 542 1203 580 lulianum
1227 544 1330 580 scalis
1358 544 1492 580 demis·
1516 560 1561 596 14

39 590 87 629 fis
115 592 219 639 supra
251 595 377 628 muros
403 593 605 630 attollunt,
631 596 672 639 p)
703 604 781 626 non
807 591 907 637 prius
936 592 1008 628 auli
1041 592 1197 629 reserare
1226 606 1350 639 portas
1379 605 1492 641 quam

41 641 270 678 conueniret
299 640 346 677 de
375 653 532 678 nurnero
560 640 702 676 dandae
732 642 922 688 pecuniae.
994 640 1059 677 llle
1097 642 1272 690 ingressus
1302 643 1341 679 in
1370 645 1492 686 castra,
1515 654 1557 690 15

39 691 202 740 primum
224 689 373 738 quidem
394 691 555 726 honores
577 689 777 726 Commodi
802 700 839 725 et
859 690 1100 738 statuas,quas
1120 691 1312 729 sustulerat
1330 691 1493 735 senatus,

15 739 324 782 ,Jinstauraturum
346 740 603 787 pollicebatur,
633 740 962 787 concess'urumque
985 740 1066 786 ipsis
1087 753 1196 786 quam
1217 745 1405 789 quondam
1427 742 1492 778 sub

39 788 110 828 illo
128 787 316 825 licentiam
335 788 594 825 obtinuissent.
619 799 806 834 praeterea
825 788 1006 825 militibus
1024 789 1174 837 lingulis
1194 793 1277 837 plus
1296 792 1414 827 multo
1435 803 1492 826 ar·
1516 793 1560 829 16

39 837 146 888 genti
170 838 342 875 daturum
363 850 472 885 quam
494 848 556 874 aut
577 850 700 885 perere
729 838 910 874 auderent
940 849 1003 874 aut
1024 849 1246 883 accepturos
1272 839 1488 886 expeti-aue-

39 897 138 924 rant.
189 898 314 935 neque
336 885 374 923 in
394 888 518 924 dando
542 899 679 922 moram
699 886 882 922 futuram:
912 889 948 937 q)
969 899 1050 922 nam
1072 888 1171 924 domi
1194 902 1272 925 eam
1296 890 1491 935 pecuniam

40 935 232 974 adseruari.
268 935 431 984 ¹Qibus
452 935 596 973 addutii
619 939 729 972 rebus
753 935 909 976 milites,
935 947 1046 982 atque
1066 937 1104 973 in
1125 947 1268 975 tantam
1289 941 1386 986 lpem
1411 951 1491 975 ere·
1515 950 1562 986 17

39 986 102 1028 sti.
122 988 162 1029 r)
180 986 365 1022 lulianum
394 986 583 1022 declarant
611 985 836 1032 principem:
865 984 971 1021 simul
1002 987 1036 1022 ei
1056 988 1254 1023 Commodi
1279 999 1495 1036 cognomen

39 1035 260 1082 imponunt.
312 1037 411 1071 Tum
445 1035 555 1083 fignis
584 1034 756 1076 sublatis,
792 1037 823 1077 s)
849 1032 1103 1083 impositisque
1129 1036 1227 1074 illius
1253 1036 1494 1087 imaginibuS‚

41 1084 230 1121 deducere
254 1082 447 1128 hominem
483 1088 656 1120 tendunt.
704 1085 737 1130 t)
772 1083 887 1131 igitur
914 1084 961 1120 de
988 1097 1091 1121 more
1113 1085 1289 1123 sacrificio
1314 1087 1352 1122 in
1374 1085 1494 1122 castris
1516 1096 1557 1131 η

43 1134 207 1183 peracto,
220 1134 313 1170 exiit
334 1134 645 1170 maioremilitum
667 1134 966 1180 comitatuquam
981 1134 1115 1170 caeteri
1137 1136 1419 1172 consueuerant.
1447 1133 1491 1171 fi-

42 1183 196 1230 quidem
210 1196 275 1230 per
288 1184 375 1224 vim,
387 1191 591 1228 contraque
605 1182 732 1229 populi
746 1184 995 1236 voluntatem,
1009 1194 1147 1229 perque
1165 1184 1441 1228 turpitudinem
1455 1195 1493 1221 et

42 1232 206 1269 dedecus
229 1231 424 1278 imperium
447 1243 668 1272 emcrzatus,
695 1231 775 1266 iure
803 1230 985 1276 impetum
1008 1232 1262 1269 multitudinis
1282 1234 1493 1269 verebatur.

40 1281 462 1318 Sedindutiarmaturas
489 1277 963 1327 inilite8,c·rcumseptique
986 1281 1155 1328 vndique
1178 1282 1366 1318 testudine
1387 1281 1491 1325 fafia,
1515 1291 1560 1326 19

39 1341 84 1366 vr
96 1328 254 1372 etiam,fi
267 1343 320 1366 res
341 1329 520 1377 posceret.
537 1330 771 1369 dimicarent,
783 1329 1061 1376 receptoquein
1075 1331 1241 1367 medium
1267 1333 1491 1378 imperatore

40 1379 123 1420 suo,
137 1378 279 1427 clypeis
300 1377 483 1426 hastisque
501 1379 604 1424 supra
626 1380 664 1420 u)
677 1378 795 1425 capita
810 1378 986 1422 elatis(vt
1005 1379 1166 1415 tutiores
1188 1380 1331 1421 forent,
1345 1381 1367 1418 si
1388 1385 1492 1418 torte

38 1428 185 1476 lapides
204 1442 224 1465 e
243 1428 347 1465 testis
369 1429 620 1469 mitterentur,
644 1430 723 1464 dnm
767 1437 867 1475 ompa
880 1430 1107 1476 procedebat)
1136 1429 1328 1467 deducunt
1346 1443 1430 1467 eum
1451 1430 1492 1466 in

20 1478 175 1520 -aulam,
205 1491 327 1526 neque
348 1476 433 1514 auso
458 1477 612 1514 refistere
634 1490 734 1524 popu
753 1489 789 1518 0,
814 1489 941 1524 neque
964 1480 1022 1522 (vt
1041 1490 1122 1513 mos
1142 1480 1206 1524 est)
1228 1479 1352 1515 faustis
1374 1480 1492 1515 accla-
1510 1488 1563 1515 20

41 1527 271 1564 mationibus
296 1527 568 1575 prosequente:
610 1526 670 1562 sed
700 1527 796 1561 diras
826 1528 955 1572 procul
979 1527 1270 1574 imprecantibus
1299 1528 1492 1570 vniuerfis,

42 1577 280 1626 grauiterque
299 1577 607 1624 exprobrantibus
628 1577 728 1623 quod
749 1585 831 1611 aere
851 1575 911 1611 libi
932 1575 1131 1623 imperium
1147 1576 1349 1625 parauiss‘et.
1378 1579 1492 1615 Tunc
1512 1591 1559 1618 21

71 1626 204 1669 timum
226 1625 403 1664 videlicet
421 1625 591 1673 corrupti
612 1626 774 1662 militum
795 1638 939 1667 more5‚
967 1628 1010 1670 x)
1033 1627 1220 1676 foedaque
1247 1637 1287 1664 et
1306 1627 1493 1665 insatiabi-

40 1640 89 1713 iis
109 1676 289 1722 pecuniae
322 1674 531 1721 cupiditas,
569 1687 607 1711 et
638 1683 865 1718 comtemtus
896 1673 1159 1721 imperatoriae
1188 1677 1383 1713 maiestatis
1410 1679 1492 1713 ino.

41 1724 148 1764 leuit.
189 1727 284 1762 Nam
307 1736 425 1772 quum
445 1736 566 1773 neque
595 1724 733 1760 vindex
753 1724 922 1761 existeret
940 1725 1036 1760 vllus
1058 1734 1130 1761 tam
1151 1727 1356 1763 crudeliter
1377 1727 1493 1764 inter·
1512 1742 1561 1768 22

41 1773 128 1812 {effi
147 1774 340 1822 principis,
367 1786 491 1822 neque
513 1775 740 1819 promercale
768 1772 904 1809 faftum
927 1773 1122 1820 imperium
1141 1775 1331 1823 foedeque
1352 1776 1494 1813 nundi-

34 1836 170 1862 *natum
194 1825 390 1873 quisquam
412 1823 681 1870 prohibuiffet‚
704 1823 742 1858 id
764 1835 853 1858 vero
885 1822 1035 1859 initium
1067 1825 1246 1872 causaque
1277 1825 1494 1872 (militibus)

40 1873 129 1917 fuit,
148 1885 188 1911 vt
207 1875 320 1911 etiam
349 1873 390 1910 in
417 1874 607 1921 posterum
636 1871 830 1920 turpiffimi
849 1873 1236 1923 contumaciffimique
1263 1875 1494 1913 euaderent:

38 2005 145 2053 ‘enim
163 2005 378 2043 immensam
404 2003 644 2053 pecuniarum
665 2001 742 2041 vim
794 2012 940 2054 praeter
969 2003 1021 2048 id,
1049 2002 1152 2052 quod
1177 2020 1222 2044 ex
1248 2015 1386 2055 genere
1405 2020 1493 2055 pro-

42 2055 198 2096 habeat,
250 2056 504 2102 superaturum
544 2054 743 2103 largitione
794 2056 917 2102 prium
944 2056 998 2092 illi
1030 2068 1106 2091 erat
1132 2068 1287 2098 nornen,
1315 2058 1496 2093 Commo-

45 2116 193 2147 omneS,
219 2102 243 2140 fi
268 2104 332 2151 qui
353 2104 523 2141 adversus
542 2116 628 2140 eum
649 2116 742 2140 con·
795 2104 884 2141 dum
905 2104 1163 2151 appellandum
1184 2105 1349 2141 censent.
1376 2106 1498 2153 Steph.

42 2152 212 2192 tendant.
241 2153 359 2201 Steph.
842 2155 875 2198 s)
903 2165 945 2188 ac
961 2153 1136 2188 restitutis
1158 2152 1198 2189 in
1221 2153 1413 2201 pristinum
1432 2155 1499 2191 sta-

93 2204 136 2248 o)
179 2212 217 2239 et
246 2203 310 2250 qui
348 2201 472 2238 fuerat
504 2200 619 2249 praef.
648 2198 745 2242 urbi,
794 2211 873 2238 tum
892 2200 991 2237 illius
1010 2202 1069 2237 im.
1089 2201 1130 2238 Id
1149 2202 1250 2239 enim
1269 2214 1344 2241 vox
1356 2205 1498 2241 Graeca

42 2257 163 2302 (pater
208 2264 334 2288 autem
372 2251 575 2288 Pertinacis
619 2250 744 2286 vxoris
795 2251 920 2287 sonat:
949 2250 1010 2287 sed
1039 2251 1327 2299 intelligendum
1357 2253 1429 2290 erit
1448 2253 1498 2291 de

42 2304 157 2346 eran)
185 2301 291 2338 venit
321 2301 366 2337 ad
398 2302 601 2337 emendum
629 2299 746 2347 impe-
796 2298 996 2336 Commodi
1019 2297 1252 2348 imaginibus.
1277 2303 1396 2352 Steph.

65 2350 154 2389 ium.
179 2352 332 2388 Verum.
356 2350 476 2399 Steph.
845 2351 879 2393 t)
906 2351 1033 2390 Quum
1053 2350 1168 2396 igitur
1187 2351 1362 2388 consueta
1378 2363 1414 2388 et
1428 2351 1498 2389 im·

92 2402 140 2450 p)
174 2402 265 2439 Non
302 2400 402 2436 enim
441 2399 544 2448 prius
587 2397 745 2434 reserare
796 2398 977 2446 peratoria
998 2398 1168 2435 sacrificia
1189 2399 1227 2435 in
1248 2400 1368 2438 castris
1389 2412 1497 2450 pere-⁴

73 2461 170 2487 otras
198 2451 403 2491 volebant,
448 2461 557 2495 quam
595 2445 749 2488 scirent..
795 2447 911 2498 giffet‚
939 2447 1029 2484 exiit
1048 2459 1120 2487 etc.
1145 2450 1265 2495 Steph.

75 2509 228 2536 uantum
252 2498 494 2546 pecuniarum
518 2497 668 2534 daturus
690 2496 746 2532 es·
844 2500 883 2540 u)
911 2496 1012 2544 supra
1034 2508 1157 2541 caput.
1184 2500 1326 2536 Memm.

63 2561 112 2587 et.
138 2548 254 2598 Steph.
845 2547 888 2592 x)
913 2557 1022 2593 atque
1041 2546 1283 2585 insatiabilem
1297 2549 1497 2588 etfoedam

97 2599 136 2646 q)
173 2599 244 2635 Sed
273 2596 311 2634 se
342 2595 487 2633 iamiam
518 2609 562 2633 ex
596 2594 747 2633 aedibus
799 2595 1036 2644 pecuniarum
1058 2596 1323 2646 cupiditatem,
1351 2611 1388 2635 et
1405 2612 1499 2636 con-

70 2646 168 2684 fferri
204 2658 427 2684 curaturum.
483 2646 598 2694 Steph.
799 2657 970 2683 temnere
992 2645 1154 2682 debitam
1184 2646 1414 2694 principibus
1441 2662 1498 2686 re-

96 2700 138 2744 r)
165 2697 232 2735 lul.
265 2696 359 2733 decl.
391 2699 678 2745 Imperatorem:
710 2705 750 2732 et
800 2692 1006 2738 verentiarn
1028 2693 1250 2734 didicerunt.
1278 2697 1398 2747 Steph.

877 2758 910 2796 C
