1707 3029
563 148 880 197 LIBER
955 149 1053 195 VII.
1421 160 1524 204 1¹7

87 271 173 300 vero
190 274 254 299 vos
269 260 597 313 pbrterrefeeerint
608 285 618 303 ,
643 274 732 309 quae
744 261 852 308 suffla
871 262 908 298 iu
926 262 1015 298 vrbe
1032 255 1261 297 nuntiantur.
1306 259 1438 298 Nemee
1466 257 1524 297 Vi-

88 313 249 351 talianus
267 322 332 361 per
348 312 460 348 dolum
467 310 706 359 fraudemque
715 310 842 359 occisus
862 310 919 360 est.
970 310 1086 360 ‚Quam
1107 319 1222 345 autem
1240 309 1314 346 leue
1341 309 1522 360 instabile-

86 374 154 410 que
159 362 214 409 sit
235 361 384 397 Romani
397 362 517 409 populi
534 361 711 407 ingenium
723 386 733 401 ‚
761 372 863 410 quam
880 369 1047 408 prompta
1063 359 1253 395 clamorum
1281 367 1381 394 tenus
1409 360 1522 396 auda-

84 410 143 446 cia
156 436 166 452 ,
193 407 396 458 nottffimum
404 411 544 460 scilicet
562 409 662 445 vobis
678 406 737 458 est.
788 410 827 444 Si
842 409 926 445 duos
947 409 1041 445 modo
1061 417 1179 444 tresue
1198 418 1357 444 armatos
1384 408 1519 457 conspe-
1541 421 1582 461 ¹3

84 460 209 496 xerint
221 485 232 501 ,
261 461 444 496 trudentes
464 460 560 495 alter
579 460 753 501 atterum,
781 468 816 494 et
833 459 1100 505 proculcantes,
1125 470 1167 494 ae
1184 455 1280 502 suum
1299 456 1442 506 quisque
1456 467 1518 505 pe-

83 509 232 546 riculum
240 509 472 557 fugitantes,
496 508 669 556 publicum
687 507 860 555 neglefflui
878 507 1016 543 habent.
1041 506 1149 557 Qod
1149 506 1266 554 siquis
1293 506 1391 542 vobis
1411 507 1518 542 etiam
1539 517 1584 558 14

81 569 173 605 quae
199 559 280 593 at‘i'a
297 558 336 594 in
349 558 478 607 senatu
490 556 601 607 sunt,
628 557 865 598 renuntiauit‚
890 569 958 591 non
977 555 1022 605 est
1036 555 1209 602 profeae‘loo
1234 558 1327 604 quod
1339 556 1520 591 miremini

80 606 237 657 nostram
255 607 328 643 illis
356 607 612 644 continentiam
644 607 827 642 duriorum
854 606 994 646 videri,
1031 603 1085 650 f)
1111 614 1219 654 atque
1245 605 1285 639 ob
1312 604 1356 640 id
1383 615 1519 641 morum

78 657 346 705 congruentiam
374 658 556 704 vitamque
583 656 680 691 illius
703 653 918 706 luxuriosam
947 654 1044 691 nobis
1074 654 1280 701 anteferri3
1322 654 1366 701 g)
1393 655 1518 703 quippe
1539 667 1583 705 ις

78 707 178 752 apud
191 705 268 741 illos
280 702 478 750 fortfflma
498 717 650 754 quaeque
669 719 710 740 ac
724 702 935 752 grautffima
949 714 1017 753 pro
1033 703 1261 754 asperrimis,
1292 702 1449 753 difflata
1460 712 1515 739 at-

76 765 143 803 que
161 755 389 791 ehacchansia
405 764 472 805 pro
491 755 635 791 mitibus
645 755 942 802 volupttem-iisque
959 753 1143 789 habentur.
1170 752 1348 801 Quocirca
1366 751 1518 801 nostrum
1539 758 1584 794 16

78 803 215 851 quidem
232 804 429 852 imperium,
455 804 617 854 quoniam
644 802 852 852 industrium
873 813 979 850 atque
1004 804 1232 844 moderatum,
1255 800 1515 846 reformidant:
1549 841 1552 845 Ι

76 851 254 889 Gordiani
272 853 494 890 deleae‘lantur
510 853 669 893 nomine,
704 853 802 889 cuius
828 852 986 898 infamia
1009 851 1110 888 vitae
1146 863 1214 887 non
1235 862 1299 886 vos
1323 850 1515 898 praeterit.
1537 867 1583 899 17

76 902 202 950 Igitur
221 901 387 951 aduersus
410 903 473 940 hos
489 912 594 950 atque
611 902 843 938 huiuscemodi
864 901 1017 938 homines
1035 901 1158 936 bellum
1176 899 1273 936 vobis
1303 899 1350 951 est
1363 923 1374 940 .
1417 899 1515 936 mili-
1538 913 1580 945 η

78 960 155 988 tes:
169 951 211 997 fi
225 960 341 987 tamen
363 953 404 987 id
418 953 539 987 bellum
557 952 811 999 appellandum.
866 952 956 986 Nam
981 959 1024 986 vt
1041 950 1129 985 mihi
1143 950 1281 996 quidem
1310 958 1416 997 atque
1431 950 1516 984 adeo
1537 965 1580 999 ¹9

77 999 232 1037 'caetezssis
245 1001 399 1037 omnious
418 1000 564 1036 videtur
576 1025 587 1040 ,
615 1013 683 1036 non
701 1001 803 1047 prius
820 1001 966 1035 Italiam
982 999 1224 1047 attigerimus,
1249 1010 1354 1047 quam
1374 999 1514 1033 illorum

78 1050 238 1084 maxima
253 1059 342 1099 pars
365 1061 482 1087 ramos
494 1049 670 1099 supplices
695 1050 887 1097 liberosque
907 1046 989 1096 suos
1014 1048 1286 1097 praeferentes,
1329 1047 1456 1096 nostris
1476 1044 1517 1095 se

73 1097 222 1146 pedibus
233 1100 434 1142 aduoluent,
459 1111 523 1135 aut
533 1099 735 1145 formidine
752 1099 920 1145 degeneri
926 1098 1061 1146 fugam
1078 1097 1252 1143 facient:
1289 1106 1333 1132 vt
1355 1096 1443 1132 mihi
1472 1096 1514 1131 li·
1533 1113 1582 1141 20

78 1147 198 1187 berum
205 1148 260 1193 fit
279 1149 366 1183 bona
386 1150 526 1184 illorum
546 1148 645 1184 vobis
663 1146 898 1189 contribuere,
923 1147 1047 1194 quibus
1063 1145 1103 1181 in
1119 1153 1325 1195 perpetuum
1340 1146 1516 1193 perfrua-

75 1196 179 1232 mini.
229 1198 329 1233 Haec
350 1209 467 1244 quum
490 1197 651 1235 dixiffet‚
675 1207 717 1232 ac
737 1196 852 1231 multa
872 1196 910 1232 in
933 1195 1126 1232 ciuitatem
1161 1195 1403 1242 senatumque
1433 1194 1514 1230 vni·
1532 1211 1577 1239 ,ς

75 1244 222 1281 versum
248 1244 510 1292 interpellatim
532 1246 661 1292 probra
680 1244 840 1286 iecisset,
867 1255 1120 1291 manuumque
1139 1242 1298 1291 gestibus
1314 1243 1514 1280 minabun-
1610 1248 1619 1253 ”

74 1291 167 1333 dus,
197 1294 368 1337 trucique
389 1294 494 1330 vultu
513 1303 681 1340 nutuque
701 1292 777 1328 oris
799 1291 897 1341 quali
918 1292 1178 1341 praesentibus
1206 1291 1384 1334 irascens.
1428 1304 1514 1339 pro-

71 1339 273 1378 stelionem
292 1342 332 1379 in
356 1342 497 1385 ltaliam
514 1343 640 1380 edicit.
696 1341 908 1390 Diuisoque
930 1342 1029 1379 inter
1052 1341 1189 1378 milites
1210 1340 1355 1389 ingenti
1377 1341 1512 1387 stipen-
1529 1360 1576 1386 22

70 1388 156 1434 dio,
183 1403 258 1427 vno
280 1393 428 1428 t'antum
448 1388 509 1428 die
531 1391 726 1428 interiecto
750 1390 872 1428 facere
890 1391 963 1428 iter
983 1391 1146 1439 incepit,
1188 1401 1359 1440 magnum
1388 1389 1511 1427 secum

70 1440 274 1476 exercitum
293 1452 406 1486 atque
428 1441 610 1477 uniuersas
640 1440 826 1476 adducens
858 1440 1040 1476 Romanas
1068 1438 1204 1486 copias.
1278 1441 1510 1487 Sequebatur
1529 1456 1573 1496 23

68 1489 231 1525 eundem
258 1488 370 1526 eriam
411 1490 685 1526 Germanorum
720 1489 1006 1537 haudquaquam
1042 1488 1288 1538 negligendus
1320 1500 1510 1530 numerus,

68 1547 166 1622 ssuos
189 1539 245 1574 vel
266 1540 373 1575 armis
392 1540 593 1588 subegerat.
620 1539 678 1574 vel
697 1538 738 1576 in
760 1537 960 1575 amicitiam
982 1537 1275 1585 societatemque
1295 1537 1511 1576 adsciuerat.

100 1586 277 1623 taeterea'
294 1588 486 1624 machinae
511 1600 550 1624 et
578 1588 708 1624 bellica
740 1588 1001 1628 instrumenta,
1043 1599 1214 1634 quaeque
1240 1586 1310 1623 alia
1337 1587 1510 1624 aduersus

68 1635 239 1686 barbaros
260 1648 549 1685 comparauerat.
601 1639 799 1674 Caeterum
819 1637 959 1674 tardius
979 1637 1048 1673 iter
1061 1635 1235 1678 faciebat,
1262 1638 1311 1673 ob
1337 1636 1508 1678 vehicula
1527 1655 1574 1691 24

65 1695 205 1733 resque
232 1685 317 1721 alias
345 1687 422 1723 vsui
455 1686 689 1726 necessarias,
742 1699 836 1732 quae
866 1686 1033 1733 vndique
1057 1686 1365 1732 importabantur.
1411 1686 1509 1723 Nam
1527 1705 1572 1740 25

69 1743 186 1780 quum
206 1735 446 1782 repentinum
472 1735 510 1772 id
530 1735 584 1771 illi
604 1736 675 1773 iter
697 1735 926 1779 obuenisset,
952 1748 1030 1772 non
1055 1735 1273 1781 cuiusquam
1305 1734 1510 1781 prouiden-

68 1781 121 1817 tia
147 1784 204 1828 (vt
224 1783 480 1831 consueuerat)
519 1785 577 1821 sed
606 1784 850 1822 tumultuario
878 1797 919 1820 ac
945 1784 1119 1821 festinato
1154 1783 1380 1826 ministerio,
1412 1795 1508 1831 quae

59 1837 174 1868 verant
191 1832 373 1878 militibus
393 1833 584 1870 necessaria
604 1834 886 1882 colligebantur.
952 1834 1069 1883 Igitur
1099 1833 1336 1881 praemittere
1365 1835 1508 1870 Panno·
1525 1843 1572 1880 ,ς

67 1877 220 1928 piorum
239 1883 410 1918 cohortes
431 1881 618 1925 decreuit,
647 1883 780 1930 quibus
803 1882 919 1920 fretus
939 1881 1096 1920 maxime
1118 1892 1197 1920 erat
1211 1905 1222 1924 .
1246 1894 1416 1930 quaeque
1435 1880 1509 1928 pri-

67 1939 149 1964 mae
168 1927 427 1977 imperatorem
446 1931 789 1972 consalutauerant‚
814 1944 926 1979 atque
942 1933 1041 1968 vltro
1065 1931 1178 1968 etiam
1194 1941 1262 1979 pro
1279 1932 1382 1967 illius
1394 1930 1509 1966 salure

67 1982 182 2032 omne
203 1978 405 2025 periculum
420 1979 693 2028 deposcebant..
733 1980 778 2017 lis
808 1980 920 2029 igitur
937 1979 1171 2029 imperauit,
1194 1991 1237 2018 vt
1267 1991 1426 2018 caeteras
1448 1991 1507 2024 co·
1524 2000 1571 2038 ⁸7

65 2032 144 2074 plas'
165 2029 454 2074 praecederent,
480 2040 521 2064 ac
540 2028 714 2077 regiones
733 2040 962 2078 occuparent
989 2027 1130 2067 ltaliae.

767 2153 830 2189 IX.

63 2213 200 2284 Dum
222 2215 260 2251 in
284 2215 420 2255 itinere
440 2216 667 2254 Maximinus
685 2215 757 2258 est,
784 2229 841 2253 res
859 2217 1001 2254 interea
1016 2215 1230 2266 Carthagini
1249 2226 1394 2266 praeter
1404 2216 1505 2265 spem

165 2277 390 2314 magnopere
408 2266 666 2303 successerunt.
743 2267 828 2303 Erat
855 2266 955 2303 enim
985 2267 1218 2314 Capellianus
1246 2266 1416 2314 quidam,
1452 2266 1544 2316 sea.

62 2313 203 2354 natorii
221 2316 364 2352 ordinis
385 2316 460 2358 vir,
487 2327 703 2365 procuratur
722 2315 971 2352 Mauritaniae
989 2315 1166 2353 Romanis
1187 2314 1385 2358 subiectae,
1411 2326 1505 2365 quae

106 2414 160 2462 f)
189 2412 319 2450 ssmiles
336 2425 460 2450 autem
483 2412 583 2448 illius
612 2412 651 2450 in
681 2413 757 2463 vita
806 2412 1177 2461 atqueebacchantia,
1198 2424 1374 2462 tanquam
1386 2411 1504 2455 mitia,

63 2462 249 2502 luxuriosa
289 2474 413 2499 mores
461 2462 573 2498 nobis
617 2463 758 2506 antes..
807 2461 992 2510 voluptati
1011 2463 1161 2500 habent.
1218 2462 1408 2505 Quocirca
1435 2472 1505 2498 no-

62 2514 148 2561 vel,
200 2510 332 2548 fimiles
365 2511 466 2548 illius
489 2512 675 2550 luxuriose
705 2512 757 2548 vi·
809 2512 917 2549 strum
938 2511 1149 2560 imperium,
1175 2511 1279 2561 quod
1293 2511 1341 2548 est
1360 2511 1506 2558 sollers,

64 2561 190 2598 ventis
210 2574 340 2598 mores.
364 2562 484 2609 Steph.
811 2571 850 2597 et
867 2560 1058 2598 moderate
1076 2561 1112 2598 se
1132 2562 1243 2609 gerit,
1268 2560 1504 2597 auersantur:

104 2623 147 2658 g)
175 2610 327 2658 Quippe
349 2610 435 2646 fana
449 2590 571 2647 forti?
582 2621 621 2646 et
633 2610 759 2659 digna,
812 2609 995 2648 Gordiani
1020 2621 1144 2647 autem
1156 2609 1311 2646 nomine
1322 2609 1504 2647 delcetan-

66 2667 159 2703 quae
179 2661 260 2705 quis
281 2660 485 2696 reuerentia
505 2659 762 2706 prosequatur,
811 2670 893 2701 tur;
920 2659 1023 2696 cuius
1035 2660 1109 2696 vita
1131 2671 1240 2707 quam
1259 2660 1354 2697 male
1365 2658 1501 2701 audiat,

67 2704 313 2746 formidabilia
342 2719 497 2746 vocant:
529 2718 568 2745 at
595 2708 763 2746 diffoluta
812 2720 892 2745 non
904 2709 1096 2757 ignoratis-
1126 2709 1245 2759 Steph.
