1707 3029
169 81 236 128 90
351 59 863 115 HERODIANI
936 59 1427 109 HIst‘TossiAE

167 181 334 218 aniculae
357 177 613 224 contemptis,
654 188 724 213 nec
757 174 925 221 cuiquam
964 185 1148 221 praeterea
1186 173 1410 220 credendum
1442 180 1593 220 putant,

169 230 326 278 (quippe
352 229 539 265 neminem
560 228 650 261 circa
669 226 702 260 se
722 223 785 260 nisi
809 224 971 259 moribus
990 223 1214 260 consimilem
1244 223 1386 270 itusque
1414 224 1592 259 obsecun-

104 289 148 318 ιε
168 280 316 315 dantem
351 277 450 314 vitiis
482 276 657 319 habebat)
694 285 808 320 quum
836 273 1074 308 retinendum
1105 272 1166 309 fibi
1206 284 1461 320 quemcunque
1486 271 1596 314 illum,

166 330 309 365 cultum
331 326 454 362 animo
475 323 691 364 obstinass'et,
715 319 877 357 decreuit
889 319 1014 356 absens
1034 323 1238 368 periculum
1261 324 1402 364 facere,
1427 331 1592 368 quonam

164 377 288 412 animo
311 376 456 412 senatum
476 372 793 420 populusque-Ro
809 382 971 406 manus
989 371 1105 406 *laturi
1127 371 1263 407 forent.
1324 372 1448 417 Qare
1476 371 1592 406 ima-

165 425 324 474 ginem
351 423 534 471 propriam
557 419 983 460 maximislineameutis,
1007 431 1077 466 qua
1098 421 1171 467 iple
1190 421 1293 455 obire
1319 417 1591 456 sacerdotis

165 477 290 509 munia
311 474 522 512 videbatur,
550 467 886 516 fimulquefiguram
911 467 1086 507 numinis,
1105 469 1206 505 cuius
1219 468 1460 505 sacerdotium
1485 477 1591 516 gere-

102 528 144 564 13
166 524 249 563 bat,
274 522 453 569 depictam
475 522 511 555 in
534 521 653 554 rabula
677 516 856 564 praemisit
874 517 1024 552 Romam
1039 543 1056 558 ,-
1076 518 1166 554 iuffis
1185 519 1246 562 qui
1267 530 1346 553 eam
1367 517 1522 556 ferrent,
1548 514 1591 550 in

102 578 146 612 14
165 572 285 607 media
303 570 399 607 curia
419 570 502 605 loco
525 568 625 603 edito
651 567 754 612 supra
780 565 959 601 Victoriae
981 567 1299 612 caputcollocare:
1326 578 1377 606 vt,
1400 578 1514 613 quum
1535 564 1592 614 sej-

164 631 269 656 natus
303 620 513 658 haberetur,
559 617 668 651 thura
712 616 961 662 vnusquisque
995 615 1160 651 adoleret
1191 627 1410 661 merumque
1448 612 1592 651 libaret.

100 674 143 707 ις
166 668 410 707 Edixitjtem,
440 677 479 701 vt
501 677 628 700 omnes
645 662 798 699 Romani
824 663 1069 711 magistratus,
1096 664 1231 711 qusque
1257 665 1404 709 publice
1421 662 1513 698 sacra
1533 662 1590 699 fa-

163 728 304 759 cerent,
332 728 415 752 ante
436 714 639 754 aliosdaos,
660 725 820 759 quorum
844 711 1434 750 meminiffeintersacrificandum
1454 712 1592 753 solent.

98 763 143 796 ¹6
161 778 284 802 nouum
304 767 400 801 illum
421 763 528 800 deum
551 763 854 809 Heiaeagabuum
877 774 1149 807 nuncuparent.
1210 763 1451 808 Quapropter
1481 772 1521 797 vt
1548 759 1591 797 in

160 817 286 851 vrbem
312 813 501 862 peruenit,
530 812 618 847 nihil
641 810 779 847 icilicet
801 824 939 846 nouum
962 810 1117 846 Romani
1137 811 1332 852 viderunt,
1361 810 1492 846 insueti
1516 809 1590 845 iam

100 870 143 905 17
161 864 325 910 picturae
391 862 519 898 Diuiso
541 861 652 906 igitur
674 859 863 908 congiario
888 862 925 895 in
949 859 1125 905 populum
1153 862 1210 906 (vt
1229 872 1306 895 mos
1320 860 1368 895 est
1389 859 1591 906 imperium

158 912 456 959 suscipientibus)
484 911 681 956 spectacula
703 909 937 944 omnifariam
949 910 1079 944 edebat
1098 907 1465 956 magnificentissima:
1495 918 1590 944 tem-

158 962 339 1009 plumque
359 960 446 996 item
468 960 662 995 maximum
686 958 1046 1004 puicherrimumquc
1066 957 1136 993 deo
1162 957 1301 997 erexit,
1339 958 1591 1004 plurimasque

101 1027 107 1034 ·
158 1012 251 1045 circa
271 1010 450 1055 templum
471 1008 660 1043 constituit
682 1020 779 1048 aras,
808 1007 849 1042 ad
869 1019 958 1053 quas
981 1006 1149 1053 quotidie
1175 1019 1281 1042 mane
1308 1017 1494 1054 taurorum
1527 1009 1591 1042 he·

157 1059 344 1094 catombas
363 1070 401 1094 et
421 1058 548 1093 ouium
570 1069 735 1105 magnam
752 1056 1032 1091 multitudinem
1053 1062 1086 1098 t)
1113 1055 1336 1091 immolabat.
1391 1051 1591 1091 coacerua-

94 1115 137 1147 18
158 1108 279 1154 tisque
300 1107 404 1153 supra
427 1118 501 1141 aras
523 1118 635 1142 omne
662 1117 778 1153 genus
809 1105 1007 1145 odoribus,
1050 1104 1160 1140 etiam
1188 1103 1375 1139 veterrimi
1407 1104 1590 1150 cuiusque

159 1156 369 1204 optimique
387 1154 463 1190 vini
488 1155 658 1200 plurimas
680 1155 870 1200 amphoras
889 1164 974 1188 ante
994 1166 1080 1202 ‹tr-as
1103 1153 1368 1198 profundebat,
1396 1152 1440 1188 fic
1461 1163 1503 1188 vt
1516 1151 1591 1188 riui
1609 1195 1613 1201 Ἰ

93 1215 138 1249 19
159 1204 277 1252 paffim
297 1203 374 1238 vini
399 1203 663 1250 sanguinisque
691 1197 895 1249 promiscue
923 1201 1140 1237 defluerent.
1201 1202 1421 1249 Chorosque
1449 1201 1591 1238 circum
1621 1244 1623 1250 Ι

159 1266 234 1289 aras
254 1253 432 1300 agitabat,
461 1252 574 1287 nullis
594 1264 673 1287 non
694 1252 842 1298 organis
863 1251 1179 1291 consonantibus,
1203 1262 1349 1296 vnaque
1372 1251 1589 1286 mulieribus

159 1302 356 1339 Phoeniffis
376 1299 630 1336 cursitantibus
652 1299 692 1335 in
709 1301 834 1335 o‘rbem
848 1325 859 1340 ,
881 1301 1121 1347 cymbaiaque
1143 1300 1237 1335 inter
1270 1311 1398 1335 manus
1421 1299 1590 1336 babenti-

93 1363 140 1391 20
158 1352 226 1388 bus
245 1362 308 1386 aut
331 1361 521 1397 tympana:
553 1349 654 1384 omni
675 1349 930 1384 circumstante
949 1349 1073 1384 senatu
1097 1361 1206 1396 atque
1226 1350 1374 1395 equestri
1398 1347 1589 1385 ordinead

90 1414 136 1440 ιι
159 1400 293 1436 theatri
314 1398 487 1434 formam.
535 1399 623 1434 Exta
643 1409 752 1442 porro
775 1397 1001 1433 viftimarum
1025 1408 1136 1443 atque
1157 1409 1317 1433 arou-ara
1342 1396 1434 1433 intra
1459 1400 1588 1433 lances

156 1461 302 1490 aureas,
330 1445 508 1494 capitibus
527 1446 696 1492 imposita
723 1447 907 1495 gestabant
934 1459 1013 1482 non
1042 1447 1191 1494 quidem
1222 1445 1351 1482 famuli
1381 1445 1496 1494 aliqui
1525 1455 1589 1482 aut

155 1498 313 1534 humiles
333 1496 517 1543 personae,
547 1495 603 1531 sed
628 1495 802 1542 praetecti
826 1495 1068 1536 exercitibus,
1103 1507 1140 1532 et
1169 1496 1382 1542 quicunque
1412 1496 1588 1531 maximas

154 1547 357 1594 dignitates
375 1545 613 1581 obtinebant:
642 1544 765 1581 induti
786 1545 927 1581 tunicas
950 1546 1081 1580 talares
1100 1557 1140 1579 ac
1160 1544 1405 1587 manuleatas,
1439 1544 1589 1581 Phoeni·

155 1609 231 1633 cum
250 1608 366 1635 more.
397 1607 581 1640 vnamque
603 1595 637 1628 in
663 1593 784 1629 medio
810 1605 1008 1640 purpuram
1025 1593 1208 1630 ferentes:
1236 1592 1296 1628 sed
1328 1605 1365 1629 et
1386 1594 1495 1630 lineis
1517 1593 1587 1630 cal-

102 1641 105 1643 *
156 1643 357 1680 ceamentis
388 1644 604 1680 nouantur,
645 1643 955 1690 quemadmodum
976 1654 1092 1679 *vates
1118 1642 1157 1677 in
1188 1643 1241 1678 eis
1261 1643 1473 1687 regionibus
1496 1654 1584 1679 con-

155 1693 369 1730 sueucrunt.
443 1693 556 1727 Porro
586 1691 778 1740 ingentem
812 1692 846 1727 se
877 1693 1060 1728 honorem
1090 1692 1251 1729 tribuere
1278 1693 1429 1739 putabat
1448 1691 1587 1741 quibus

156 1741 381 1779 eiuscemodi
404 1738 571 1778 sacrificia
590 1740 836 1789 participaret.

820 1865 886 1926 Vl.

152 1963 240 2032 Sed
261 1964 426 2013 quamuis
446 1964 635 2000 instaurare
655 1963 790 1999 choros
809 1975 846 1999 et
865 1963 999 2000 sacrare
1024 1962 1144 2000 facere
1172 1974 1352 2010 perpetuo
1380 1962 1584 2006 videretur,

150 2047 155 2053 ,
219 2013 393 2061 plurimos
415 2025 536 2049 tamen
555 2027 598 2049 cx
617 2012 814 2050 illustribus
827 2013 913 2048 viris
933 2025 1045 2059 atque
1067 2012 1255 2059 opulentis
1277 2012 1488 2049 interfecit:
1517 2014 1586 2051 de·

151 2062 246 2100 latos
267 2062 327 2098 {ibi
351 2064 450 2110 quod
473 2074 598 2109 parum
618 2063 704 2098 laeti
729 2061 929 2098 illiusmodi
951 2062 1047 2102 vita,
1078 2061 1190 2097 etiam
1210 2062 1250 2097 in
1271 2062 1386 2108 ipsum
1417 2064 1586 2110 ςμιεηηίο-ι

109 2119 131 2143 2
153 2123 225 2157 que
245 2111 510 2148 cauillarentur.
561 2112 680 2147 Duxit
700 2123 883 2158 praeterea
903 2123 1054 2146 vxorem
1067 2134 1078 2151 ,
1102 2110 1361 2147 illustriffimam
1381 2107 1585 2149 Romanarii

152 2159 377 2195 foeminam:
427 2173 538 2206 quam
565 2160 675 2195 etiam
704 2159 885 2208 augustam
913 2155 1148 2206 appellauit,'
1196 2170 1356 2208 cumque
1384 2173 1424 2196 ea
1458 2171 1583 2196 tamen

151 2209 262 2254 paulo
275 2209 350 2252 post
362 2208 564 2244 diuortium
576 2208 688 2250 fecit,
713 2209 968 2257 ademptisque
980 2208 1183 2245 honoribus
1197 2209 1375 2255 priuatam
1386 2210 1505 2244 colere
1527 2207 1584 2244 vi-

110 2262 129 2300 3
153 2268 225 2294 tam
238 2256 342 2293 iuffit.
370 2257 449 2294 Post
470 2256 566 2292 illam
578 2269 662 2293 vero
682 2260 719 2305 u)
742 2270 891 2305 captum
901 2258 936 2293 se
949 2270 1073 2293 amore
1083 2256 1276 2299 limulans,
1301 2261 1357 2304 (vt
1375 2257 1515 2304 aliquid
1527 2256 1583 2293 vi-

148 2353 220 2390 iam
238 2351 349 2400 figura
371 2352 442 2393 dci,
468 2353 527 2389 cui
549 2353 743 2391 sacerdotis
755 2367 835 2391 mu-
887 2355 1071 2402 ponebat,
1116 2355 1290 2390 aromatis
1314 2367 1429 2391 omne
1461 2365 1582 2403 genus

147 2413 216 2439 nus
238 2401 277 2438 in
298 2402 486 2437 mambrita
504 2403 651 2439 obibat:
682 2403 836 2439 Romam
886 2403 1096 2439 cumulans:
1147 2402 1239 2450 quin
1290 2402 1402 2440 etiam
1445 2414 1580 2441 veterr.

147 2450 264 2490 mult,
292 2450 385 2486 iuffit
403 2462 486 2496 que,
512 2462 551 2486 vt
571 2452 609 2487 in
635 2453 754 2488 media
775 2465 838 2489 cu·
886 2453 1002 2501 Stepb.

145 2499 200 2536 tia
229 2499 315 2535 loco
342 2498 529 2540 altissimo,
586 2501 690 2546 supra
727 2511 838 2548 caput
930 2503 966 2548 u)
994 2500 1075 2537 1³0st
1102 2499 1200 2536 illam
1227 2512 1338 2543 vero,
1384 2495 1500 2548 quum
1537 2499 1582 2538 fi-

147 2548 279 2585 statuae
334 2546 518 2583 Victoriae
579 2550 838 2586 collocaretur.
890 2549 1076 2589 mulasset,
1114 2562 1238 2585 amore
1274 2549 1307 2585 se
1335 2550 1478 2590 teneri,
1521 2550 1580 2595 (vt

145 2597 262 2645 διψία.
733 2599 736 2603 ’
889 2611 930 2636 ea
972 2597 1105 2638 etiam,
1154 2610 1246 2645 quae
1281 2598 1364 2635 sunt
1402 2600 1582 2641 virorum,

195 2652 229 2690 t)
259 2643 494 2686 immolabat.
540 2655 649 2693 atque
685 2645 753 2682 aris
774 2646 842 2683 im·
890 2648 1013 2685 facere
1031 2646 1254 2694 videi-etun)
1291 2647 1457 2698 virginis,
1485 2658 1582 2695 quae
