1707 3029
605 125 908 172 LIBER
982 125 1040 171 V.
1459 128 1522 177 83

90 239 136 278 nd
157 237 342 285 reliquos,
367 234 499 284 finguli
517 234 553 271 se
585 235 623 272 in
642 236 702 273 sua
733 236 838 274 castra
865 245 1100 284 receperunt.
1147 235 1198 273 At
1224 232 1436 276 Macrinus,
1463 246 1524 270 co·
1545 239 1588 276 ις

90 287 197 336 gniro
219 299 295 322 non
315 285 382 321 alia
402 288 448 322 de
469 283 571 321 causa
591 296 665 321 tam
685 288 816 323 acriter
843 297 884 321 ac
912 283 1151 332 pertinaciter
1181 296 1343 333 pugnare
1374 284 1525 319 Artaba·

88 349 180 374 num
195 361 204 376 ‚
229 332 293 371 nili
314 335 400 383 quia
421 333 456 370 se
474 345 635 382 pugnare
664 347 794 371 contra
816 334 1053 371 Antoninum
1082 332 1345 370 arbitrabatur:
1374 333 1525 377 (solent

89 385 191 422 enim
210 383 347 420 barbari
370 383 481 429 paulo
502 383 658 430 negotio
677 383 772 433 quasi
799 383 997 425 fatiscere2
1024 382 1214 429 velutique
1244 381 1350 417 oneri
1378 381 1529 420 cedere,-

87 433 114 471 fi
134 436 246 470 modo
269 431 395 480 primis
414 430 659 480 congressibus
681 445 808 480 parum
835 445 880 468 ex
904 431 1086 469 sententia
1116 443 1172 467 res
1206 430 1397 479 gesserint:
1434 440 1524 466 tunc
1544 428 1595 463 ιζ’

88 495 213 519 autem
236 481 460 528 perstabant,
494 481 672 527 praelium
699 480 917 530 integraturi
939 480 1230 528 quumprimum
1251 478 1425 516 cadauera
1446 477 1522 527 susc

88 531 242 580 tulrjffl’nt
269 539 374 577 atque
390 530 712 571 :concremaffent,
736 531 852 578 ignari
878 530 1017 578 periisse
1037 529 1099 578 qui
1119 529 1181 565 has
1201 526 1412 564 inimicitias
1434 539 1527 563 con-

89 582 280 625 citauerat)
309 578 426 614 mittit
446 577 588 614 Parthis
607 580 769 627 legatos,
796 592 880 616 cum
902 579 1041 618 literis,
1064 591 1158 626 quae
1179 578 1431 617 declararent,
1472 589 1523 612 oc·
1547 584 1593 620 17

87 629 205 678 cidff‘
225 629 494 675 imperatorem,
522 640 565 663 ac
582 629 734 664 debitum
750 628 958 678 supplicium
976 627 1090 677 luff.
1124 628 1186 675 qui
1195 624 1352 671 foedera
1372 636 1407 661 et
1425 625 1527 671 iusiu-

89 680 241 715 randum
264 687 500 713 temerauerat
514 691 525 711 :
542 676 618 722 fibi
635 678 695 726 effi
713 692 735 714 a
756 678 940 718 Romanis,
967 689 1112 727 quorum
1132 675 1237 724 ipsum
1257 677 1398 710 tandem
1417 675 1525 722 impe-
1548 680 1591 714 18

89 728 184 764 rium
192 727 269 774 fit,
288 723 457 772 summam
475 738 594 760 rerum
618 729 805 763 traditam.
853 729 935 763 Non
956 728 1098 776 placere
1115 737 1200 761 vero
1219 721 1304 764 sibi,
1338 736 1427 770 quae
1443 724 1526 760 at‘la
1547 733 1592 768 19

80 777 234 826 forent:
260 777 382 824 itaque
400 775 560 817 captiuos
574 777 766 825 quicunque
779 774 1004 825 superffnt,
1027 784 1204 823 raptaque
1222 773 1337 810 omnia
1360 773 1529 808 redditu-

89 839 194 864 rum:
223 835 346 872 cupere
358 823 396 867 se
419 823 513 858 illum
533 837 577 860 ex
597 825 738 861 inimico
759 826 906 861 amicum
916 825 1070 870 facere,
1091 834 1278 873 pacemque
1297 821 1527 858 iureiurando

87 888 131 912 ac
152 873 375 910 libaminibus
387 871 541 919 sancire.
592 875 737 919 Qiibus
760 873 858 910 leais
877 875 1105 914 Artabanum,
1144 872 1372 918 edoctusque
1395 883 1413 905 a
1434 871 1528 918 lega·
1547 879 1595 908 20

89 924 138 961 tis
160 923 204 959 de
226 920 410 959 Antonini
430 923 564 962 caede,
587 923 671 964 satis
692 923 826 960 dediffe
845 922 1015 970 supplicii
1033 922 1253 959 violatorem
1275 919 1441 956 foederis
1473 932 1529 954 ar-

88 973 268 1013 bitratus,
291 981 568 1018 contentusque
589 974 692 1009 reddi
714 972 777 1009 fibi
800 973 890 1008 citra
908 972 1023 1008 vllum
1044 983 1213 1007 cruorem
1234 969 1405 1016 captiuos
1428 980 1531 1015 prae·
1548 980 1597 1006 21

88 1021 250 1069 damque
268 1031 419 1055 omnem
434 1044 444 1061 ,
473 1018 606 1056 foedus
628 1035 710 1063 cum
733 1021 903 1057 Macrino
928 1020 1026 1061 ferit,
1051 1030 1162 1068 atque
1187 1021 1226 1055 in
1246 1017 1409 1065 proprias
1428 1016 1530 1053 sedes

88 1071 303 1107 reuertitur.
355 1069 426 1103 Sed
445 1079 483 1103 et
516 1069 704 1107 Romanus
732 1072 953 1116 imperator,
999 1068 1157 1107 deducto
1186 1081 1233 1107 ex
1259 1065 1532 1114 Mesopotamia
1549 1081 1598 1108 22

90 1120 276 1162 exercitu.
311 1116 550 1156 Antiochiam
577 1120 765 1167 profestus
796 1119 856 1155 est.

371 1236 698 1285 LIBER
771 1222 1254 1296 QVINTVS.

799 1349 828 1383 Ι.

89 1397 218 1510 DE
238 1432 424 1471 Antonini
454 1434 634 1481 imperim
674 1431 881 1477 caedeque,
923 1428 1084 1471 infidiis,
1125 1441 1166 1465 ac
1189 1428 1410 1466 succeffione
1429 1428 1539 1472 item,

216 1481 403 1530 superiore
425 1485 519 1520 libro
541 1482 711 1518 diximus.
762 1483 961 1518 Caeterum
983 1477 1184 1521 Macrinus,
1211 1478 1272 1515 vbi
1294 1479 1535 1515 Antiochiam
1577 1496 1601 1524 2

90 1531 287 1580 peruenit,
313 1533 437 1568 literas
455 1530 596 1568 senatui
619 1530 835 1578 populoque
867 1531 1037 1566 Romano
1072 1527 1168 1565 misit
1195 1528 1232 1564 in
1263 1529 1369 1563 hanc.
1387 1527 1534 1564 senten-

91 1581 182 1618 tiam
194 1605 204 1622 ,
227 1581 341 1629 ,Quum
357 1581 447 1628 satis
466 1582 533 1630 ipſs
545 1581 721 1628 cognitum
740 1580 913 1621 habeatis,
934 1581 1107 1627 quodnam
1115 1578 1243 1626 fuerit
1261 1591 1369 1613 meum
1388 1579 1460 1612 iam
1482 1577 1537 1612 in·
1580 1592 1599 1630 3

92 1632 136 1667 de
155 1644 178 1665 a
197 1631 374 1679 principio
387 1632 497 1668 totius
517 1631 617 1667 vitae
645 1630 842 1679 institutum
857 1654 867 1670 ‚
902 1641 1073 1676 quamque
1099 1629 1153 1663 ad
1176 1626 1429 1674 benignitatem
1451 1635 1538 1674 pro-

87 1679 190 1730 penfi
204 1691 315 1716 more!
329 1706 338 1722 ,
351 1682 401 1727 f)
429 1693 517 1730 quae
541 1678 763 1729 mansuetudo
786 1679 824 1714 in
844 1691 885 1713 ea
914 1678 1079 1726 potestate
1105 1676 1305 1722 explicata,
1352 1687 1440 1723 quae
1470 1686 1540 1710 non

91 1729 239 1765 multum
258 1729 349 1777 abest
371 1745 393 1767 a
409 1730 617 1778 principatu
644 1729 833 1777 (siquidem
855 1725 924 1775 ipse
942 1739 1072 1777 quoque
1082 1727 1280 1774 imperator
1287 1725 1378 1772 fidei
1386 1723 1426 1773 se
1432 1733 1542 1773 prae-

84 1777 185 1826 fth'
202 1778 355 1814 cohortis
371 1779 509 1824 credt‘t)
530 1777 781 1825 superuacuum
802 1776 863 1825 effe
884 1776 1048 1812 arbitror
1071 1775 1192 1810 multis
1209 1774 1332 1810 verbis
1362 1773 1421 1808 vti
1446 1774 1547 1822 apud
1582 1793 1605 1827 4

92 1838 168 1862 vos.
222 1827 339 1876 Nostis
358 1831 449 1865 enim
468 1838 503 1863 et
522 1828 607 1872 iffi,
632 1836 759 1875 parum
772 1840 824 1862 me
844 1828 972 1860 laetum
982 1823 1093 1873 suff
1114 1824 1160 1859 iis
1173 1824 1287 1865 rebus,
1308 1835 1396 1871 quae
1415 1824 1460 1857 ab
1478 1820 1540 1857 illo

89 1876 333 1926 gerebantur,
357 1892 400 1915 ac
410 1877 516 1926 saepe
534 1872 644 1926 uestri
662 1875 765 1923 causa
784 1874 1052 1924 periclitatum,
1089 1873 1169 1908 dum
1190 1873 1251 1910 ille
1270 1873 1361 1908 nulli
1389 1883 1457 1907 non
1478 1884 1540 1908 ca·

93 1925 364 1973 lumniarfidem
384 1927 538 1967 habens,
587 1927 686 1962 velut
717 1925 898 1975 effraenus
923 1933 1050 1960 contra
1078 1934 1141 1959 vos
1166 1923 1339 1958 irrueret.
1411 1921 1540 1968 Itaque
1585 1933 1606 1968 ς

93 1975 286 2016 identidem
305 1977 393 2013 mihi
413 1975 612 2012 obtreHare
624 1974 750 2022 solitus
763 1999 773 2016 ,
796 1975 904 2009 etiam
922 1972 1059 2021 publice
1085 1971 1283 2020 modestiam
1305 1972 1343 2006 in
1363 1981 1414 2004 me
1431 1978 1539 2014 atque

95 2024 354 2061 humanitatem
373 2037 455 2074 erga
478 2022 568 2059 mihi
586 2023 766 2059 subiceros
785 2022 1028 2071 vituperabat,
1045 2020 1189 2068 fhgnem
1208 2029 1243 2054 et
1254 2019 1367 2066 fluxis
1384 2018 1540 2054 moribus

95 2076 273 2110 vocitans.
300 2074 438 2122 ,Quippe
451 2073 547 2108 homo
558 2071 847 2120 affimationibus
861 2072 1033 2118 gaudens,
1061 2070 1254 2116 quicunque
1272 2067 1382 2114 ipsum
1400 2068 1451 2101 ad
1457 2078 1543 2102 cru·
1580 2072 1604 2108 6

94 2122 281 2158 tle-litatem
317 2123 560 2161 exacuebant,
611 2121 814 2168 rabiemque
843 2119 985 2165 insitam
1018 2117 1121 2164 quast
1132 2117 1237 2163 signo
1263 2116 1348 2151 dato
1369 2125 1541 2165 prouoca-

97 2171 207 2211 bant‚
235 2181 271 2208 et
290 2171 476 2208 calumniis
497 2170 592 2204 iram
614 2170 845 2209 excitabant,
873 2178 928 2202 eos
937 2166 1010 2212 fibi
1028 2165 1175 2211 denique
1195 2165 1370 2200 beneuolos
1380 2165 1541 2212 fidosque

94 2220 273 2270 imprimis
292 2221 422 2257 amicos
439 2218 708 2256 arbitrabatur.
759 2217 854 2252 Mihi
872 2225 989 2251 autem
1008 2215 1080 2250 iam
1101 2215 1180 2250 inde
1206 2227 1228 2249 a
1252 2213 1431 2264 principio
1449 2214 1546 2249 nihil
1581 2230 1607 2265 7

96 2272 246 2307 lenitate
262 2261 447 2318 antiqufus
465 2266 693 2319 modestiaque
709 2264 806 2312 fuit.
870 2265 990 2312 Igitur
1017 2264 1228 2300 Parthicum
1256 2264 1399 2304 bellum,
1439 2263 1540 2310 longe

98 2321 289 2356 maximum
302 2344 311 2361 ,
337 2330 373 2356 et
391 2320 429 2355 in
448 2332 511 2369 quo
534 2328 632 2354 omne
651 2319 838 2353 Romanum
855 2314 1039 2362 imperium
1050 2312 1304 2359 flm‘tuaucrlt,
1347 2313 1404 2348 ita
1424 2311 1540 2357 confe—
1583 2325 1606 2362 ς

98 2369 230 2413 cimus,
253 2378 296 2405 vt
316 2381 376 2405 nec
395 2369 434 2405 in
451 2369 527 2407 acie
541 2363 705 2411 fortiter
725 2365 920 2403 dimicando
942 2361 1091 2414 hostibus
1109 2360 1324 2411 effrimus,
1358 2370 1394 2398 et
1423 2373 1542 2409 regem

841 2476 954 2529 festi,
980 2475 1022 2513 fit
1049 2475 1306 2521 commiss'us,)
1333 2476 1545 2525 superuaca-

845 2539 960 2564 neum
981 2526 1140 2563 arbitror
1170 2526 1296 2563 multis
1326 2525 1446 2563 verbis
1479 2538 1545 2563 ex-

844 2588 998 2624 ponere.
1059 2575 1182 2611 Nostis
1211 2574 1334 2616 enim,
1377 2588 1435 2611 me
1465 2587 1545 2612 non

139 2483 189 2532 f)
215 2485 297 2531 Qla
314 2496 388 2531 que
410 2483 473 2520 sim
493 2496 601 2524 antea
619 2482 700 2521 vsus
720 2482 795 2519 cle-

99 2533 241 2572 mentia
262 2534 300 2569 in
312 2546 350 2569 ea
362 2530 796 2581 administratione,quae

100 2596 182 2620 non
209 2584 320 2630 longe
351 2585 394 2619 ab
424 2584 660 2632 imperatoria
689 2594 794 2630 pote-

100 2634 189 2669 state
220 2643 258 2667 et
288 2635 454 2678 potentia
484 2635 600 2676 abest,
650 2635 794 2680 (quum

102 2680 179 2727 ipse
198 2692 351 2728 quoque
379 2685 581 2730 Imperator
613 2681 700 2718 fidei
729 2691 793 2715 eo·

102 2741 202 2775 rum,
229 2730 294 2779 qui
321 2733 551 2773 exercituum
577 2731 664 2772 sunt
690 2739 794 2778 prae·

845 2626 964 2662 solum
992 2624 1089 2660 haud
1129 2635 1249 2672 aequo
1285 2623 1411 2660 animo
1449 2623 1544 2661 fasta

844 2674 923 2711 eius
942 2672 1086 2713 tulisse,
1112 2673 1172 2708 sed
1190 2673 1302 2708 etiam
1323 2672 1427 2711 vestri
1439 2671 1544 2709 causa

841 2722 1095 2774 periclitatum
1113 2720 1203 2765 effe,
1230 2720 1320 2762 dum
1351 2741 1391 2755 .-
1423 2721 1542 2774 Steph-
