1707 3029
174 112 273 163 1'2'2
382 108 1430 168 HERODIANIHYSTORIAE

104 239 148 274 16
167 244 265 270 arma
295 244 555 278 conuerteret,
602 235 717 271 statim
747 247 875 271 omnes
904 234 1063 273 conferti
1098 237 1390 286 conglobatique
1420 237 1463 273 ad
1491 236 1600 274 castra

166 282 456 324 contenderunt,
479 295 514 320 at
534 283 635 320 velut
654 285 684 325 i)
700 287 825 321 vrbem
845 284 1003 331 aliquam
1023 287 1289 334 expugnaturi,
1315 299 1458 322 murum
1479 285 1596 333 ipsum

103 343 150 376 17
168 342 366 378 portasque
384 330 706 369 circumsederunt.
759 335 951 370 Caeterum
973 333 1130 377 milites,
1162 345 1291 380 vtpote
1313 335 1498 382 pugnandi
1529 348 1597 381 pe-

166 379 342 421 ritissimi,
370 381 494 427 pinnis
521 381 589 417 sese
621 393 810 418 murorum
839 384 1054 431 clypeisque
1082 394 1340 432 protegenteS,
1384 383 1615 431 sagittarum‘

104 438 146 473 18
166 428 258 466 iaetu
275 430 403 466 crebro
425 443 465 466 ac
483 431 691 477 praelongis
711 431 833 467 contis
854 432 1130 468 multitudinem
1163 432 1400 478 repellebant.
1462 432 1615 469 l·'ostre-‘

166 490 228 514 mo
243 504 253 520 ,
282 490 396 524 quum
420 480 491 515 iam
512 478 712 526 defatigato
733 481 876 525 populo
899 481 1101 528 sauciisque
1122 490 1248 527 magna
1269 493 1313 518 ex
1340 492 1440 526 parte
1452 479 1596 528 gladia-
1646 512 1649 513 γ

166 525 333 568 toribus,
361 539 472 574 atque
498 529 533 563 in
561 529 744 574 vesperam
764 540 941 576 yergente
963 529 1042 571 die,
1077 531 1215 577 regredi
1247 530 1286 564 in
1315 531 1439 564 vrbem
1468 529 1598 566 decre·

166 575 315 612 vissent:
375 576 576 622 conspicati
601 577 732 613 milites
758 577 986 617 securitatem
1022 578 1234 615 abeuntium
1265 577 1421 625 (qnippe
1444 577 1597 615 minime

164 624 315 661 ausuros
336 627 510 671 putabant
532 625 685 661 Romani
706 626 798 662 adeo
819 639 951 672 paucos
970 627 1140 664 aduersus
1155 639 1293 664 tantam
1317 626 1598 663 multitudinem

166 673 283 708 castris
303 675 537 720 eruptionem
558 674 693 722 facere)
719 675 908 711 confestim
929 675 1087 712 vniuerfi
1108 676 1177 712 sele
1198 675 1313 722 portis
1338 675 1545 722 patentibus
1558 674 1599 712 in

164 724 299 768 vulgus
332 722 424 759 illud
457 723 651 760 hominum
676 724 921 761 concitauere.
977 724 1032 762 lbi
1068 725 1370 773 gladiatores
1405 724 1448 759 ad
1483 735 1600 760 vnum

105 782 149 820 ις
167 771 275 815 caeli,
299 784 501 820 magnaque
524 785 602 818 pars
625 773 751 818 populi
775 775 909 810 collisa.
962 776 1052 816 Quo
1075 774 1183 817 fac‘to,
1210 786 1323 821 quum
1346 774 1440 809 haud
1466 773 1600 822 procul

104 828 116 831 “’
167 820 286 858 castris
304 821 538 863 receffiffent,
565 821 704 859 rursum
723 821 795 859 sese
813 824 909 859 intra
932 823 1162 861 munimenta
1189 834 1418 873 receperunt.

851 941 930 979 ΧΠ.

166 1002 295 1068 Hinc
314 1002 427 1052 igitur
446 1003 562 1041 maior
588 1003 731 1042 senatui
765 1005 981 1053 populoque
1016 1004 1183 1041 Romano
1214 1003 1424 1053 indignatio
1453 994 1598 1042 oborta.

270 1051 306 1095 k)
333 1064 444 1099 quare
463 1053 571 1090 (luces
591 1066 633 1089 ex
654 1053 753 1090 ltalia
791 1054 893 1090 omni
926 1055 1214 1099 probatissimum
1247 1067 1432 1103 quemque
1457 1054 1602 1102 delege-

129 1112 149 1137 2
169 1113 278 1142 runt,
306 1102 615 1147 iuuentutemque
636 1116 808 1145 omnem,
836 1103 1023 1140 collectam
1052 1102 1087 1138 in
1108 1116 1247 1145 vnum,
1277 1103 1458 1139 subitariis
1488 1101 1601 1139 armis

131 1160 150 1198 3
170 1163 210 1186 ac
229 1151 480 1188 tumultuariis
499 1152 739 1190 adornarunt.
796 1155 939 1189 Horum
970 1153 1184 1197 poristimam
1215 1163 1354 1200 partem
1383 1153 1499 1188 secum
1519 1152 1604 1190 Ma-

169 1200 289 1237 ximus
312 1200 462 1242 eduxit,
499 1211 540 1236 vt
561 1199 731 1237 aduersus
745 1201 1270 1248 Maximinum'praeliaretur:
1297 1201 1484 1248 reliquiad
1503 1199 1604 1243 vrbis

128 1260 152 1293 4
170 1249 365 1285 custodiam
390 1249 620 1296 tutelamque
642 1250 769 1286 reliffl.
822 1254 963 1286 Interea
982 1250 1150 1298 quotidie
1179 1253 1221 1286 ad
1251 1262 1374 1287 muros
1403 1251 1602 1288 castrorum

169 1297 431 1339 dimicabatur,
465 1297 525 1334 sed
556 1297 724 1344 profectu
754 1299 878 1341 nullo,
913 1299 1189 1335 defenlantibus
1219 1299 1373 1345 superne
1405 1299 1602 1339 militibus,

129 1356 148 1392 ς
171 1346 350 1393 iftamqu‘e
368 1357 405 1381 et
424 1347 576 1385 sauciam
605 1348 888 1384 multitudinem
907 1348 1019 1385 foede
1049 1348 1327 1393 repellentibus.
1399 1351 1449 1384 At
1480 1346 1602 1384 Balbi-

168 1407 259 1436 nus,
285 1395 384 1431 domi
407 1397 435 1439 l)
468 1395 501 1432 se
522 1394 741 1437 continens,
773 1399 914 1444 populo
940 1411 1002 1443 pet
1019 1398 1177 1434 edic‘lum
1209 1397 1455 1445 supplicabat,
1492 1408 1531 1432 vt
1561 1396 1602 1433 in

129 1447 150 1480 6
171 1445 318 1493 gratiam
338 1457 421 1480 cum
442 1445 618 1481 militibus
639 1447 796 1483 rediret:
829 1448 963 1492 quibus
991 1447 1101 1482 etiam
1122 1447 1312 1487 omnium,
1358 1458 1450 1491 quae
1483 1457 1600 1492 patro-

127 1505 148 1539 7
168 1505 319 1534 verant,
344 1493 576 1531 obliuionem
595 1505 705 1540 atque
722 1494 982 1542 impunitatem
1002 1495 1254 1542 pollicebatur.
1306 1495 1376 1531 Sed
1399 1494 1535 1531 neutris
1561 1492 1601 1531 id

167 1542 394 1592 persuasum,
419 1543 594 1591 gliscente
614 1543 652 1579 in
673 1543 749 1580 dies
769 1545 862 1580 malo
876 1571 885 1588 ‚
912 1558 951 1580 ac
973 1546 1112 1592 populo
1129 1543 1359 1591 indignante,
1379 1543 1479 1590 quod
1492 1554 1596 1580 tanta

166 1591 371 1628 multitudo
392 1603 465 1627 tam
490 1592 613 1639 paucis
632 1595 864 1640 contemptui
888 1594 1009 1630 foret:
1038 1604 1170 1629 contra
1193 1592 1371 1629 militibus
1399 1592 1604 1640 aegerrime

166 1641 368 1678 ferentibus
383 1666 391 1681 ‚
417 1653 455 1677 ea
487 1641 521 1678 se
542 1655 559 1677 a
582 1641 756 1678 Romanis
777 1647 823 1689 m)
847 1643 958 1689 passos
973 1668 982 1683 ‚
1013 1655 1105 1690 quae
1128 1642 1189 1679 vix
1210 1654 1369 1689 vnquarn
1398 1654 1417 1677 a
1440 1639 1602 1678 barbaris

130 1697 148 1732 8
169 1690 420 1736 expettafsent.
470 1690 675 1732 Postremo,
703 1694 851 1739 quando
872 1693 1104 1740 oppugnatio
1125 1704 1249 1738 parum
1271 1691 1514 1738 procedebat,
1542 1690 1599 1725 vi-

169 1738 247 1775 sum
276 1739 475 1776 ducibus
501 1739 746 1777 interuertere
768 1754 897 1777 omnes
927 1742 1084 1782 riuos,
1122 1740 1186 1787 qui
1212 1740 1250 1776 in
1279 1739 1386 1776 castra
1415 1752 1598 1787 perue-

130 1799 151 1832 9
171 1789 363 1829 nitent,
411 1798 451 1824 vt
473 1788 610 1825 milites
638 1799 811 1836 aquarum
841 1789 990 1837 penuria
1020 1788 1150 1838 sitique
1180 1787 1418 1826 conficerent.
1487 1789 1606 1836 Igitur

171 1836 422 1873 abscindendo
448 1837 744 1883 obstruendoque
764 1839 914 1876 mustos
943 1852 962 1873 e
990 1839 1106 1874 castris
1134 1850 1308 1885 aquarum
1336 1838 1435 1874 riuos
1454 1849 1603 1875 auerte-

108 1896 152 1923 10
171 1887 269 1922 bant.
323 1887 393 1922 Sed
410 1887 507 1922 enim
528 1886 717 1923 intelle6lo
732 1888 897 1935 periculo
918 1887 1052 1924 milites
1071 1900 1110 1922 ac
1131 1890 1237 1924 rebus
1260 1886 1470 1931 desperatis,
1482 1899 1604 1923 erum-

106 1946 148 1970 ιι
172 1946 264 1981 punt
285 1933 440 1970 vniuerfi
464 1935 672 1981 patentibus
701 1938 838 1984 portis,
882 1939 920 1983 n)
950 1936 1200 1985 congreffique
1228 1935 1508 1972 multitudinem
1545 1936 1606 1972 fu-

105 1997 149 2023 12
170 1983 332 2031 gientem
354 1984 393 2019 in
412 1986 537 2020 vrbem
555 1996 670 2032 vsque
695 1987 974 2033 persequuntur¹
1023 1985 1095 2022 Sed
1116 1985 1259 2020 vbiiam
1276 1984 1418 2020 statario
1439 1984 1601 2021 illucet..

170 2032 307 2068 tamine
332 2033 434 2079 plebs
463 2032 616 2069 inferior
645 2035 741 2070 intra
763 2035 894 2070 domos
914 2036 948 2072 se
971 2045 1179 2081 receperat,
1207 2046 1248 2069 ac
1277 2034 1480 2080 tegularum
1508 2033 1600 2080 lapi·
1630 2061 1637 2065 .

169 2081 334 2130 dumque
355 2093 394 2119 et
412 2081 580 2120 testarum
603 2082 753 2123 iastibus
771 2084 924 2133 desuper
943 2096 1071 2134 vrgere
1091 2093 1264 2130 coeperat
1295 2080 1455 2131 milites,
1498 2080 1603 2123 haud..

169 2238 341 2276 materia,
367 2235 470 2273 furor
491 2257 530 2270 -ν
556 2239 607 2276 At
628 2238 861 2279 Pol.omittit
958 2241 990 2286 l)
1015 2252 1222 2279 remanens,
1244 2238 1330 2283 quia
1353 2236 1491 2274 scilicet
1517 2233 1603 2274 Ma-

169 2286 259 2321 haec
280 2286 331 2322 ὁλ-
355 2285 406 2331 dg.
430 2286 501 2332 ἐςνγ.
531 2289 647 2337 Steph.
909 2287 1030 2326 ximus
1050 2302 1091 2324 ex
1112 2290 1200 2325 vrbe
1218 2299 1301 2323 cum
1321 2286 1439 2326 copiis
1468 2285 1600 2323 aduer-

219 2334 248 2379 ἰ)
278 2334 350 2380 ipsa
370 2338 632 2385 expugnaturi,
657 2348 722 2375 aut
742 2337 859 2377 obses.
909 2338 968 2377 sus
1012 2336 1259 2375 Maximinum
1294 2334 1483 2382 profectus
1508 2347 1598 2374 erat.

170 2381 257 2420 suri.
303 2383 418 2430 Steph.
908 2388 1050 2425 Memm.

215 2430 252 2473 k)
278 2432 323 2468 Er
342 2433 450 2468 duces
470 2433 583 2482 igitur
604 2445 641 2471 et
660 2436 794 2473 milites
810 2436 860 2472 len
960 2440 1008 2478 m)
1037 2432 1230 2475 Romanis,
1254 2445 1330 2468 non
1361 2432 1460 2470 secus
1487 2443 1600 2481 atque

169 2479 307 2517 &issimi
330 2481 484 2528 quique,
510 2496 572 2527 per
590 2484 858 2522 totamltaliam
910 2498 928 2521 a
952 2483 1131 2525 barbaris,
1159 2482 1244 2530 pati.
1284 2483 1403 2529 Steph.

170 2529 515 2566 conscribebantur:
568 2532 742 2570 iuuentus
787 2546 861 2581 que
955 2534 992 2579 n)
1021 2533 1147 2575 Quum
1175 2544 1247 2580 que
1290 2531 1421 2568 acriter
1452 2541 1601 2579 '‘pugna-

171 2578 297 2615 omnis
323 2578 576 2628 colligebatur.
604 2593 642 2619 ct
660 2585 861 2619 tumultun·
910 2593 988 2619 tum
1008 2582 1093 2617 ess'ct
1109 2607 1119 2623 ,
1147 2581 1297 2627 'plebem
1313 2581 1350 2616 in
1375 2581 1496 2629 fugam
1517 2591 1599 2615 vet·

173 2627 235 2668 tiis
254 2640 294 2663 ac
315 2627 492 2665 subitariis
521 2629 630 2668 ermis
663 2630 859 2670 instrueba-
910 2630 980 2669 sam
1001 2629 1261 2678 persequentes
1288 2628 1443 2670 milites·
1488 2628 1602 2676 longe

170 2686 245 2715 tur.
271 2677 361 2726 8]Ιό-
908 2680 1003 2718 intra
1027 2679 1153 2717 vrbem
1174 2678 1257 2717 sunt
1274 2677 1454 2728 progreffi.
1481 2677 1600 2727 Steph.
