1748 3017
228 71 300 121 ‘⁴2
340 74 353 77 ,

438 60 946 111 HERomANI
1017 37 1501 112 HISTo‘mAn

233 176 305 215 tim
325 174 393 221 qui
412 173 657 224 magistratum
679 174 908 214 obtinerent,
924 172 1067 228 ‚partim
1094 176 1160 223 qui
1190 176 1380 217 maximam
1410 178 1590 214 haberent
1620 175 1663 215 in
1704 176 1711 179 “

234 226 363 264 senatu
388 223 650 263 autoritatem,
691 234 733 261 vt
763 232 894 258 omnes
922 221 978 258 illi
1007 225 1170 260 honores
1197 226 1428 273 augustorum
1455 225 1660 265 deferrent.

170 278 214 306 Π
235 272 439 315 Occidendi
461 283 583 309 autem
601 271 732 308 Iuliani
753 272 858 307 datur
876 270 939 306 vni
966 286 987 308 e
1006 273 1165 312 tribunis
1182 276 1385 322 negotium.
1418 279 1451 313 Is
1470 275 1662 312 imbellem

233 322 480 368 miserumque
508 321 646 362 senem,
672 320 733 366 qui
762 320 825 359 fibi
849 318 926 366 ipse
944 331 1019 361 tarn
1045 322 1237 359 infelicem
1255 325 1394 363 exitum
1425 323 1574 370 propria
1591 336 1662 369 pe-
1703 339 1707 342 ’

234 371 346 412 cunia
374 369 534 410 eminet,
567 370 750 411 desertum
777 369 847 405 iam
869 367 1160 421 destitutumque
1189 373 1233 413 ab
1255 372 1441 417 omnibus,
1467 372 1661 413 interfoe-

234 421 402 469 diffimas
417 417 729 467 complorationes
755 418 963 458 trucidauit.

192 622 215 649 ς
302 615 369 642 uae
386 603 450 641 vbi
477 606 633 643 Seuerus
662 601 824 644 audiuit,
853 603 987 640 maiora
1008 602 1082 644 iam
1101 605 1261 643 moliens
1289 605 1439 647 animo,
1465 600 1665 642 confilium¹

327 655 476 701 vafrum
495 653 583 691 iniit
603 654 864 701 capiendorum
877 650 1038 691 militum
1057 655 1243 699 omnium,
1260 654 1474 703 quicunque
1495 652 1664 689 Pertina-

191 719 211 757 3
233 717 313 741 cem
342 701 621 740 interemissent.
669 702 773 739 Dat2s
799 701 924 751 itaque
951 702 1040 738 clam
1075 703 1118 738 ad
1149 704 1318 743 tribunos
1347 703 1662 748 centurionesque

231 751 373 795 literis,
394 752 584 792 hortatur,
612 753 724 788 multa
751 752 954 798 pollicens,
981 751 1220 799 persuadeant
1239 752 1418 792 militibus
1436 750 1597 791 vrbanis,
1621 758 1664 784 vt

189 816 213 851 4
231 801 295 840 fibi
322 801 419 837 disto
447 800 639 838 audientes
666 800 743 837 fint.
793 800 872 848 lpse
899 801 1057 838 edictum
1087 801 1288 849 proponit,
1325 812 1366 838 vt
1395 798 1533 838 reli-stis
1563 799 1664 835 inter

232 851 340 887 castra
358 849 477 890 armis,
503 853 543 896 p)
561 861 694 885 exeant
714 861 924 896 pacatorum
945 851 1092 887 habitu:
1122 852 1247 898 quales
1267 850 1467 898 procedere
1494 848 1534 884 in
1554 858 1664 895 pom·

229 912 316 949 pam
335 909 399 935 aut
426 897 536 934 ludos
555 900 739 935 celebrare
761 897 1051 936 consueuissent:
1082 898 1284 947 iurentque
1303 900 1341 935 in
1361 898 1488 935 Seueri
1507 906 1663 935 nomen,

230 951 270 999 q)
291 960 331 984 ac
347 947 448 994 spem
469 946 531 1001 fibi
555 948 734 994 optimam
758 961 1024 995 proponentes,
1049 949 1187 995 praesto
1212 949 1304 990 lint,
1326 959 1366 984 vt
1387 959 1530 984 nouum
1547 946 1666 992 impe-

190 1010 212 1046 ς
231 1008 390 1034 ratorem
421 1006 663 1032 comitentur.

721 996 790 1033 His
809 997 981 1038 creditis,
1008 997 1166 1038 milites,
1193 997 1297 1034 suasu
1315 1008 1467 1045 quoque
1493 995 1666 1033 tribuno-

188 1054 211 1086 6
230 1058 332 1087 rum,
365 1044 499 1082 relictis
530 1045 658 1086 armis,
692 1058 909 1093 pomparum
938 1045 1068 1088 habitu
1095 1045 1246 1086 laureati
1277 1045 1539 1093 procefferunt.
1591 1040 1667 1097 Sed

229 1095 292 1131 vbi
313 1094 357 1130 ad
377 1094 579 1130 exercitum
599 1095 725 1133 Seueri
752 1108 790 1141 px
801 1106 1017 1136 timuerunt,
1046 1096 1222 1133 nuntiato
1244 1095 1315 1130 iam
1336 1093 1474 1135 adeffe,
1501 1091 1606 1129 iubet
1623 1101 1665 1127 m

228 1155 400 1190 campum
432 1142 638 1179 conuenire
665 1143 1021 1194 frequentes,=qua,fi
1048 1145 1334 1189 salutaturusgac
1353 1142 1580 1190 perbenigne
1607 1150 1668 1176 ac-

186 1204 211 1239 7
230 1203 404 1240 cepturus
418 1190 618 1227 vniuersos.
642 1191 839 1228 Enimuero
851 1204 969 1238 quum
991 1191 1034 1228 ad
1055 1192 1213 1228 tribuual
1236 1191 1415 1239 principis
1433 1189 1665 1230 acceffifss‘ent,

229 1242 270 1286 r)
289 1239 511 1276 vnanimiter
542 1240 802 1281 acclamantes,
840 1240 927 1277 dato
962 1252 1117 1287 repente
1146 1240 1249 1288 signo
1278 1240 1665 1287 comprehenduntur.

189 1298 210 1330 8
229 1290 280 1326 ita
305 1290 405 1326 enim
425 1300 660 1336 praeceperat
680 1290 860 1331 Seuerus,
887 1300 939 1332 vt,
967 1301 1080 1337 quum
1100 1289 1189 1330 stare
1210 1290 1416 1336 pendentes
1445 1300 1511 1328 eos
1538 1288 1582 1325 ab
1603 1297 1668 1325 ore

231 1337 408 1386 principis
437 1336 629 1389 vidissent,
665 1338 865 1377 circuirent
894 1338 1081 1375 vniuersos
1113 1339 1250 1375 milites
1277 1338 1329 1375 sui
1361 1351 1465 1374 more
1491 1336 1667 1388 h⁰sti¹¹¹.¹¹’

229 1385 499 1434 neminemque
520 1386 755 1424 vulnerantes
783 1399 846 1424 aut
872 1387 1079 1434 pulsantes,
1106 1399 1253 1425 tanturn
1284 1388 1374 1424 orbe
1404 1386 1501 1427 fasto
1525 1385 1667 1421 (1311103

230 1436 272 1474 in
293 1436 419 1473 medio
439 1434 689 1477 continerent,
718 1436 790 1483 pila
812 1438 991 1474 duntaxat
1016 1437 1259 1478 intendentes
1288 1448 1326 1474 et
1345 1435 1479 1473 hastas:
1507 1445 1548 1470 vt
1567 1432 1666 1470 scili-

232 1496 293 1521 cet
323 1496 424 1521 metu
456 1483 675 1527 vulnerum,
701 1487 791 1524 nudi
819 1484 975 1522 refistere
1005 1486 1173 1528 armatis,
1200 1484 1384 1534 paucique
1408 1482 1578 1532 plurimis
1596 1480 1667 1519 mi-

190 1551 211 1585 9
231 1533 333 1570 nime
360 1532 554 1570 auderent.

619 1533 727 1577 Quos
762 1535 823 1572 vbi
855 1534 957 1571 velut
987 1536 1029 1582 s)
1052 1534 1229 1584 indagine
1255 1547 1439 1572 armorum
1467 1531 1668 1570 conclusos

231 1582 478 1630 captiuosque
505 1581 648 1623 habuit,
676 1596 806 1633 magna
826 1595 918 1619 voce
936 1596 979 1619 ac
1006 1584 1157 1620 turbido
1180 1584 1328 1632 spiritu,
1355 1583 1406 1620 ita
1429 1584 1474 1620 ad
1501 1593 1564 1624 eos
1583 1593 1667 1619 ver-

165 1645 211 1673 10
230 1633 274 1668 ba
295 1630 410 1668 fecit:
434 1632 468 1678 t)
487 1631 660 1677 superari
688 1645 750 1669 vos
768 1648 791 1669 a
820 1632 917 1670 nobis
947 1634 1009 1669 vel
1029 1632 1224 1683 sapientia,
1250 1635 1313 1669 vel
1336 1633 1492 1674 viribus,
1526 1631 1589 1669 vel
1612 1640 1667 1669 et-

228 1682 299 1718 iam
319 1692 475 1722 numero,
501 1693 541 1715 re
564 1677 639 1729 ipsa
657 1681 798 1718 videtis.

851 1683 961 1730 Capti
979 1680 1058 1732 assis
1079 1695 1182 1730 quam
1191 1682 1384 1729 facillime,
1411 1695 1454 1723 ac
1473 1681 1567 1717 nullo
1578 1679 1668 1728 fer.

227 1743 282 1766 me
310 1730 449 1778 negotio
478 1730 659 1764 tenemini.
707 1732 811 1781 Quid
824 1733 1000 1778 futurum
1028 1734 1071 1768 de
1096 1733 1195 1770 vobis
1209 1732 1277 1777 fit,
1306 1732 1344 1767 in
1370 1743 1446 1769 mea
1464 1741 1571 1767 manu
1591 1729 1665 1778 est.-

165 1793 207 1818 11
229 1779 301 1815 iam
325 1778 461 1826 scilicet
481 1779 647 1814 vic-‘limae
667 1781 724 1816 hic
732 1780 847 1829 statis
863 1782 1032 1817 obnoxiae
1059 1780 1173 1829 nostro
1202 1781 1361 1830 imperio,
1406 1780 1445 1815 Si
1461 1779 1588 1828 sceleri
1606 1790 1669 1814 ve-

166 1841 210 1867 12
218 1828 306 1878 stro
319 1829 471 1864 debitum
491 1829 676 1874 quaeratis
696 1829 926 1879 supplicium,
952 1842 1129 1878 nunquam
1149 1829 1238 1879 sane
1265 1829 1465 1866 inuenietis.
1489 1825 1668 1878 sanHififf-

227 1889 319 1913 mum
346 1876 443 1913 illum
468 1874 600 1923 senem,
634 1878 950 1927 imperatoremque
975 1880 1159 1926 optimum,
1195 1878 1410 1928 seruandum
1437 1879 1670 1926 tuendumque

227 1927 349 1969 vobis,
391 1925 461 1974 ipſs
483 1926 681 1976 occidssis:
727 1928 917 1964 Romanum
951 1928 1136 1977 imperium
1172 1937 1344 1977 perpetua
1369 1926 1506 1964 clarum
1533 1928 1667 1974 gloria,

228 1975 267 2022 u)
289 1976 383 2023 quod
400 1975 553 2011 maiores
570 1974 683 2024 nostri
699 1986 763 2013 aut
784 1978 941 2016 virtutis
959 1987 1022 2014 aut
1041 1977 1243 2014 nobilitatis
1270 1976 1406 2015 nomine
1416 1973 1667 2026 fiassipiebann

268 2093 311 2147 p)
332 2105 389 2130 ex.
411 2087 564 2139 pacifico
584 2089 732 2135 habitu,
759 2092 851 2130 ficut
866 2093 920 2130 sa-

225 2140 416 2177 crificante
443 2150 506 2175 aut
534 2138 664 2177 festum
685 2142 836 2190 aliquod
856 2155 921 2180 ce-

225 2191 392 2227 lebrante
410 2189 652 2234 Imperatore,
678 2191 717 2227 in
746 2204 919 2240 pompam

226 2249 314 2274 ante
348 2237 450 2273 illum
483 2239 681 2282 procedere
708 2241 919 2279 eonsueuis-

224 2288 322 2327 sent,
345 2306 385 2314 -
410 2285 529 2332 steph.

277 2336 314 2382 q)
326 2346 362 2371 et
380 2336 513 2371 bonam
533 2332 631 2383 spem
651 2337 919 2383 concipientes,

226 2383 402 2426 veniant,
453 2394 492 2419 vt
525 2384 698 2423 Seuerum
742 2386 917 2435 stipaturi.

226 2432 299 2468 His
326 2444 375 2467 cr.
412 2432 531 2479 Stepb.

273 2484 311 2525 r)
336 2480 557 2518 vnanimiter
575 2494 648 2527 que
665 2483 921 2526 ei,conscenso

227 2527 299 2565 iam
320 2529 518 2572 tribunali,
542 2534 773 2572 acclamaturi
793 2536 918 2579 essent,

230 2579 371 2618 Menam.
778 2578 782 2583 ’

279 2629 312 2675 s)
340 2627 537 2674 verriculo,
560 2630 699 2669 Momm.

1019 2094 1052 2140 t)
1077 2092 1157 2129 Nos
1175 2092 1338 2130 sollertia
1357 2101 1396 2131 et
1406 2092 1548 2130 viribus
1567 2105 1669 2130 exer.

969 2143 1065 2180 citus
1093 2143 1151 2178 vel
1185 2143 1328 2190 copiis,
1365 2150 1404 2180 et
1434 2142 1666 2182 auxiliarium

969 2190 1213 2229 multitudine
1233 2191 1338 2229 vobis
1365 2191 1574 2238 superiores
1594 2193 1665 2230 effe

969 2254 1009 2279 re
1041 2240 1115 2287 ipsa
1159 2241 1305 2277 videtis.
1355 2239 1479 2278 Facile
1513 2237 1666 2287 quidem

968 2300 1068 2327 certe
1110 2299 1150 2327 et
1187 2290 1324 2331 absque
1356 2288 1433 2326 vllo
1462 2291 1666 2330 certamine

968 2338 1064 2386 capti
1085 2337 1177 2374 estis.
1204 2337 1323 2380 steph.

1018 2389 1055 2432 u)
1084 2387 1186 2434 quod
1216 2400 1263 2422 m.
1285 2399 1320 2424 n.
1346 2398 1410 2424 aut
1434 2386 1663 2432 strenuitate,

968 2447 1062 2484 quae
1109 2448 1127 2470 a
1172 2435 1307 2471 virtute
1350 2434 1662 2482 proficiscebatur,
1713 2427 1748 2445 '¹

969 2495 1298 2530 comparauerunt,
1345 2496 1409 2523 aut
1454 2487 1664 2525 nobilitatis

970 2544 1057 2581 ergo
1097 2544 1159 2580 per
1191 2532 1450 2570 succeffionem
1487 2534 1663 2573 obtinue-

968 2592 1081 2620 runt;
1117 2583 1189 2618 hoc
1213 2595 1279 2618 vos
1301 2584 1460 2628 turpiter
1489 2594 1528 2621 et
1555 2583 1665 2631 igno-

970 2629 1139 2674 miniose,
1168 2633 1271 2670 velut
1290 2631 1430 2679 aliquid
1457 2645 1502 2670 ex
1519 2632 1664 2682 prium
