1707 3029
549 168 859 214 LIBER
934 166 1034 213 VII.

518 278 635 327 Igitur
653 289 807 316 vacante
829 279 918 321 ille,
944 291 984 314 ac
1006 277 1129 326 paucis
1149 278 1327 315 duntaxat
1344 289 1428 315 ante
1448 280 1518 316 cel
1542 285 1588 322 19

85 291 209 330 quam
205 277 468 318 dilucesceret.

1420 181 1520 226 115

86 331 200 368 lulam
219 330 405 370 inuentis»,
431 325 492 363 vbi
511 340 604 374 quae
622 328 724 374 supra
744 329 902 365 diximus
923 328 1220 369 nuntiauerunt‚
1256 328 1365 363 facile
1384 327 1523 365 {cilicet

85 378 282 415 intromiffi
302 378 405 414 lunt:
434 377 686 424 porrestisque
706 378 893 424 epistolis,
914 378 1230 423 contemplantem
1251 390 1336 413 eum
1355 376 1452 426 ligna
1465 377 1521 413 di

80 426 284 475 ligentius,
306 427 455 474 prolatis
485 426 707 473 pugionibus
738 426 986 468 confodiunt,
1030 428 1225 473 nudosque
1256 438 1321 462 eos
1350 428 1519 463 manibus

85 484 173 532 prae
191 476 225 512 se
244 486 419 513 tenentes
440 474 658 521 prosiliunt,
695 476 866 512 omnibus
886 477 970 512 loco
987 475 1219 512 cedentibus.

82 524 217 561 κίῐηιηί
234 525 398 561 tastu-xm
389 524 544 570 imperio
563 526 763 571 putabant:

83 573 124 611 in
147 586 213 611 eos
231 573 348 610 facere
369 573 633 616 consueuerat,
659 575 722 622 qui
743 586 849 610 antea
880 573 944 620 ipfi
972 574 1133 609 carilsmi
1159 573 1388 609 videbantur.
1418 574 1520 609 Dein
1539 585 1579 610 21

83 622 260 659 vadentes
283 621 401 659 media
422 624 515 658 Γ3<ῑι3
537 623 614 664 via,
654 634 873 671 proponunt
901 622 1088 672 epistolakm
1118 622 1298 658 Gordiani
1327 623 1369 657 ad
1398 635 1521 669 popu-

82 672 187 713 lum,
219 672 417 719 literasque
446 672 537 707 item
569 674 613 709 ab
642 673 711 709 illo
738 673 950 709 consulibus
978 664 1059 720 iplis
1087 670 1316 720 caeterisque
1345 672 1521 714 reddunt,

81 721 232 770 vulgata
251 721 364 759 etiam
383 720 479 758 fama
501 720 685 760 interfecti
705 721 908 759 Maximini.

154 869 230 907 uod
252 867 316 907 vbi
335 868 502 906 auditum
522 869 592 913 est,
619 867 735 906 statim
756 820 944 906 xiiiiltiersus
958 869 1118 916 populus
1130 869 1330 906 discurrere
1342 868 1525 917 vndique‚

190 918 329 956 furenti
350 918 484 955 fimilis.

535 920 629 955 Nam
653 918 716 955 etli
753 919 890 966 vbique
920 919 1054 966 vulgus
1079 918 1222 966 semper
1253 919 1294 955 ad
1317 932 1375 955 res
1404 932 1523 955 nouas
1542 921 1562 946 ²

84 968 326 1026 leuiffimum‚
355 978 478 1004 tamen
502 969 663 1004 Romana
686 969 787 1015 plebs
809 968 999 1012 inprimis,
1025 980 1117 1013 quae
1137 982 1179 1005 ex
1203 981 1330 1023 magna
1352 969 1525 1015 variaque

85 1019 201 1056 etiam
222 1017 500 1065 peregrinorum
519 1018 762 1054 multitudine
783 1016 947 1058 constat,
979 1019 1008 1063 s)
1035 1019 1146 1065 longe
1175 1015 1325 1053 caeteris
1350 1017 1526 1053 mobilior

87 1067 150 1105 est.

219 1066 332 1115 Igitur
350 1065 485 1102 statuae
520 1077 628 1111 atque
649 1066 826 1113 imagines
854 1065 1077 1108 Maximini,
1121 1066 1335 1113 caeterique
1363 1066 1526 1102 honores
1546 1069 1564 1106 3

89 1115 210 1156 statim
232 1113 417 1156 conuulsi,
444 1116 677 1162 clausumque
700 1128 805 1151 antea
824 1114 1028 1150 formidine
1057 1116 1209 1158 odium,
1235 1119 1265 1163 t)
1293 1105 1463 1151 licentia
1457 1127 1527 1150 iam

91 1176 132 1203 et
153 1165 332 1212 potestate
355 1163 508 1211 adepta,
533 1165 638 1200 nullo
659 1164 883 1211 prohibente
909 1163 1180 1199 effundebant·

1227 1167 1354 1206 Quare
1383 1164 1528 1200 lenaeus
1546 1171 1568 1204 4-

89 1226 241 1262 quoque
262 1213 462 1267 frequens,
490 1211 553 1248 etli
573 1210 619 1248 de
639 1213 844 1248 Maximino
865 1212 955 1247 certi
975 1213 1071 1248 nihil
1091 1214 1267 1254 habebat,
1292 1226 1333 1248 ex
1347 1213 1530 1258 praesenti

88 1263 243 1301 fortuna
261 1275 336 1298 rem
361 1261 594 1303 conieflans,
620 1261 769 1296 abolitis
786 1260 886 1296 illius
906 1260 1128 1303 honoribus,
1153 1262 1385 1298 Gordianum
1397 1261 1528 1298 filium

93 1324 176 1360 que·
185 1309 294 1358 ipsius
313 1310 485 1358 augustos
503 1311 806 1346 declarauerunt·
834 1309 1029 1356 statimque
1050 1311 1235 1347 delatores
1258 1323 1366 1359 atque
1388 1313 1530 1346 accusa·
1549 1316 1566 1351 ς

92 1372 196 1398 tores
213 1359 369 1396 vniuerli
390 1369 454 1395 aut
474 1358 704 1408 effugerunt,
751 1371 814 1396 aut
841 1359 913 1393 ab
901 1357 962 1415 iis,
985 1372 1081 1407 quos
1102 1360 1317 1396 offenderm
1325 1373 1352 1402 r,
1384 1360 1530 1395 occide·

92 1411 240 1447 bantur.

85 1508 179 1545 item
199 1506 367 1543 insontes
386 1506 506 1542 occifi.

291 1409 555 1444 Procuratores
579 1419 723 1447 autem,
751 1420 790 1444 et
815 1408 876 1454 qui
898 1408 955 1445 ius
983 1409 1021 1443 in
1045 1408 1143 1445 illius
1165 1410 1394 1446 crudelitatis
1423 1409 1530 1444 mini·
1548 1409 1569 1441 6

87 1458 238 1496 sterium
260 1457 453 1498 dicebant,
480 1450 580 1493 trafti
602 1471 620 1494 a
643 1459 753 1506 plebe
775 1457 880 1500 lunt,
904 1456 1137 1505 abieffique
1128 1472 1166 1495 in
1201 1460 1355 1494 cloacas.

1413 1458 1529 1495 Multi
1548 1467 1570 1501 7

556 1520 642 1543 nam
665 1519 704 1543 et
724 1484 947 1544 credito’vem
970 1506 1072 1543 suum
1095 1509 1277 1555 quisque,
1304 1519 1342 1543 et
1361 1508 1531 1543 aduersa-

84 1557 182 1595 rium
206 1557 245 1594 in
265 1554 472 1592 forensibus
495 1556 630 1598 caufis,
654 1569 691 1592 et
720 1568 760 1592 vt
779 1567 969 1603 quemque
989 1556 1122 1602 aliquis
1154 1558 1330 1592 leuiffima
1354 1561 1416 1593 de
1426 1569 1462 1591 ca
1450 1556 1530 1592 usa

44 1645 46 1647 ,
84 1605 238 1647 oderat,
263 1606 304 1651 v)
333 1604 477 1651 impetu
503 1605 542 1641 in
580 1607 732 1642 domum
752 1605 872 1648 fabio,
902 1604 1088 1654 bonisque
1108 1605 1245 1667 dire-pti
1249 1618 1264 1641 s
1284 1607 1529 1643 trucidabant

85 1656 140 1692 lta
168 1655 231 1692 sub
261 1654 382 1702 specie
412 1653 593 1692 libertatis
627 1656 797 1702 pacisque
827 1666 1043 1701 praetextu,
1092 1655 1213 1692 ciuilis
1245 1656 1330 1691 belli
1364 1656 1529 1691 facinora
1549 1663 1571 1695 8

84 1704 305 1741 edebantur.

353 1702 454 1749 Qin
486 1705 708 1748 praefeRum
739 1717 889 1752 quoque
917 1704 997 1740 vrbi
1027 1705 1221 1746 Sabinum,
1273 1707 1313 1751 x)
1340 1705 1402 1752 qui
1418 1714 1529 1740 antra

81 1754 254 1810 pleraque
272 1754 390 1789 munia
408 1766 455 1788 co
448 1752 606 1800 zsularia
625 1755 762 1791 obierat
777 1780 786 1796 ,
824 1753 1025 1800 probibere
1050 1753 1138 1791 talia
1169 1767 1368 1790 conantem
1383 1779 1393 1796 ‚
1436 1753 1530 1790 iuste

87 1801 201 1849 capiti
223 1801 321 1839 illiso
342 1804 602 1839 maetauerunt.

652 1802 873 1851 haecigitur
902 1804 1063 1850 populus
1092 1802 1263 1852 agitabat.

1330 1804 1528 1839 Enimuero
1549 1818 1571 1851 9

86 1849 257 1893 senatun
281 1850 464 1898 quando
454 1864 525 1887 1am
547 1852 657 1888 semel
679 1852 886 1899 periculum
911 1852 1090 1894 subierat,
1118 1864 1219 1890 metu
1253 1852 1444 1890 Maximini
1474 1853 1534 1887 ni-

87 1898 144 1935 hil
175 1897 238 1936 fibi
260 1900 304 1935 ad
339 1899 572 1937 solicitandas
611 1900 654 1937 ad
683 1901 933 1938 defeffionem
971 1903 1183 1949 prouincias
1205 1902 1340 1948 reliqui
1365 1902 1533 1938 faciebat.

91 1948 279 1995 roirca
309 1948 517 2003 legationes
542 1951 708 1998 vndique
728 1950 770 1986 ad
793 1962 955 1986 rectores
979 1952 1254 1996 prouinciarum
1276 1951 1532 1990 mittebantur,
1555 1963 1599 1988 ιο

89 1997 213 2034 εΙεᾶἰς
235 2009 255 2032 e
274 1996 458 2034 senatorio
480 1999 709 2046 equestrique
729 1999 861 2035 ordine
885 2000 1081 2036 clarillimis
1101 2001 1316 2036 hominibus
1331 2025 1341 2040 ,
1377 2013 1459 2035 cum
1491 1998 1531 2033 li·
1557 2008 1599 2039 ιι

92 2045 198 2084 teris.
217 2046 350 2097 quibus
371 2047 518 2084 senatus
530 2048 735 2094 populique
746 2048 904 2084 Romam
928 2061 1030 2084 mens
1042 2051 1346 2103 exponebantur:
1376 2048 1438 2094 qui
1453 2061 1536 2094 pro-

91 2105 153 2131 cu
145 2106 281 2131 atores
301 2091 400 2140 ipsos
418 2096 733 2144 hortarentur,y)
762 2097 814 2133 vti
842 2108 1082 2133 communem
1114 2110 1267 2145 patriam
1296 2097 1535 2144 capesserent,

141 2192 174 2247 s)
203 2202 332 2240 magna
355 2201 392 2227 et
403 2191 502 2228 facili
519 2192 568 2230 est
587 2193 791 2230 animimo-

91 2237 260 2282 bilitate,
264 2221 352 2277 *Gn
375 2240 640 2278 politianusita
664 2243 790 2280 vertit,

91 2288 190 2340 quas
203 2289 375 2337 scriptum
397 2290 483 2327 effet
494 2291 580 2329 πολυ
594 2291 683 2339 ῥᾷον.
697 2292 787 2338 {Ulb-

142 2339 174 2385 τ)
201 2338 351 2379 odium,
386 2339 550 2378 securum
583 2340 654 2378 iam
682 2353 721 2377 et
750 2342 792 2377 li-

90 2388 221 2426 berum
235 2386 438 2429 redditum,
449 2391 553 2426 nullo
567 2391 791 2436 probibente

89 2436 367 2524 §ffundebatun
429 2439 648 2481 Quinetiam
677 2440 793 2477 senat.

122 2488 222 2535 teph.

137 2537 185 2592 v)
210 2535 410 2579 conscensis
429 2537 504 2574 de'
495 2550 543 2583 im
572 2537 696 2576 rouiso
728 2540 795 2576 do.

95 2584 237 2628 mibus.
264 2586 374 2622 variis
394 2588 517 2625 modis
563 2600 721 2637 anquam
740 2588 794 2635 sy-

97 2635 301 2680 cophantas
334 2634 578 2675 infestabant,
612 2649 650 2675 et
684 2637 793 2674 bonis

96 2680 267 2733 spoliatos
298 2685 552 2727 trucidabant,
598 2689 656 2724 vel
684 2686 793 2723 variis

99 2730 242 2770 miuriis
263 2733 433 2778 afleetos.
455 2736 639 2784 bonisque
657 2737 792 2787 spolia·

840 2206 925 2237 tos,
955 2206 1132 2241 tanquam
1147 2195 1394 2244 sycophantae
1406 2193 1536 2239 essent,

841 2253 933 2280 truc.
965 2245 1082 2291 Steph.
1167 2274 1170 2275 γ

889 2295 930 2340 x)
957 2295 1037 2340 post
1056 2296 1187 2332 multas
1212 2294 1426 2332 sunaiones
1446 2306 1539 2331 con-

840 2341 993 2384 sulares,
1021 2343 1089 2381 Gr.
1136 2344 1227 2392 Sylb.

879 2395 921 2440 y)
951 2404 993 2430 vt
1013 2395 1202 2430 communi
1235 2392 1373 2441 patriae
1400 2404 1439 2429 et
1474 2404 1538 2429 cu·

841 2442 917 2478 riae
937 2442 1232 2489 opitularentur:
1271 2452 1382 2490 arque
1409 2454 1449 2478 vt
1477 2454 1540 2478 na-

843 2492 968 2529 tiones
989 2492 1358 2550 parerentRornanis.
1385 2493 1426 2527 ad
1440 2503 1538 2540 quos

845 2541 1021 2588 publice'
1014 2543 1207 2587 imperium
1230 2542 1434 2588 pertineret
1464 2542 1536 2578 iam

844 2591 1076 2638 antiquitus,
1107 2602 1145 2628 et
1172 2591 1307 2640 quibus
1328 2592 1465 2626 amicae
1494 2601 1536 2625 ac

844 2639 1028 2679 subiectae
1050 2640 1193 2680 effent
1183 2653 1255 2678 iam
1283 2653 1301 2677 a
1319 2640 1536 2679 maioribus.

843 2691 961 2740 Steph.

1270 477 1365 510 Nam
1385 476 1420 510 id
1442 477 1519 511 Ma-
1537 484 1585 510 20

804 526 953 571 quando
986 526 1082 560 idem
1115 525 1380 571 laepenumero
1408 525 1519 560 etiam
