1707 3029
247 123 339 168 DE
374 122 798 167 EDITIONIBVS
837 120 1220 170 HERODIANI.
1337 130 1433 177 415

142 246 408 300 „Gatalogus
439 244 692 291 Librorum,
732 243 804 299 qui
836 241 1014 297 prostant
1045 240 1214 281 venales
1244 243 1352 296 apud
1375 246 1434 283 Io.

87 349 90 351 μ
139 304 300 349 Paton,
325 302 509 356 Bibliop.
537 303 581 340 in
599 316 655 340 ar.
678 301 910 340 Parliam.“
1315 353 1322 356 ί

197 360 291 415 Ipse
313 370 453 398 textus
474 358 572 398 inde
609 373 631 396 a
664 373 703 412 p.
735 370 765 400 ί.
787 358 971 397 concinit
993 371 1085 397 cum
1108 357 1246 396 Oxon.
1274 373 1347 412 per
1365 374 1432 397 ex-

140 427 258 456 terna
293 415 489 471 quidem,
532 416 656 454 etiam
696 430 770 468 per
809 413 1026 468 praemissa
1065 415 1278 454 Breuiaria
1293 442 1306 464 ,
1360 418 1434 464 (in

137 476 276 529 primo
297 489 338 528 p.
364 487 399 522 3.
421 488 455 512 e.
486 472 590 512 adeo
613 487 703 511 cum
726 472 878 511 mendo
899 470 971 510 isto
988 469 1178 527 seme·l,)>
1206 473 1252 511 it.
1283 488 1353 525 per
1374 473 1435 512 se-

138 532 326 570 ctionum
345 532 553 569 minorum
574 529 754 568 Graecos
779 529 992 583 alphabeti
1011 543 1203 567 numeros
1217 559 1228 573 ,
1261 532 1434 568 omnino

138 596 221 642 que
241 602 316 642 per
337 587 542 626 elementa
564 587 773 625 initiorum
790 614 803 632 ‚
834 597 921 624 tum
942 584 1078 624 media
1097 587 1141 624 in
1162 587 1434 641 compendiis,

138 659 314 699 quorum
332 655 374 683 et
395 644 515 698 plura
539 642 618 682 alia
640 658 720 697 que
743 641 947 684 adhibuit.

170 701 377 756 ‚Reliqua
400 711 541 740 textus
565 701 636 742 Gr.
656 701 761 739 rasio
826 704 870 750 ι)
903 701 1161 739 conformata
1195 699 1249 739 est
1269 701 1320 738 ad
1353 714 1432 740 tres

132 757 253 806 illos,
303 772 407 812 quos
440 757 684 796 nominabat
712 759 896 796 Patonus
929 757 974 794 in
1003 757 1182 798 Praefat.
1200 758 1364 811 podices
1388 761 1430 797 in

132 815 372 855 vniuerfum
386 844 396 861 ‚

191 877 239 923 2)
269 888 344 927 pet
367 871 652 910 distinctiones
676 873 765 910 fere
789 870 839 909 ad
862 869 956 913 AM.
974 899 984 918 ,
1032 885 1139 924 quae
1160 881 1298 910 tamen
1318 871 1432 912 defe-

132 942 279 969 runtur
301 943 494 984 quoque,
525 939 570 967 vt
589 928 640 966 ad
664 941 701 980 4,
727 937 764 974 8,
792 942 826 979 5.
850 926 911 982 sq.
952 927 1024 966 vbi
1042 927 1139 966 illae
1160 938 1305 968 tenent
1324 945 1431 983 pun-

133 997 240 1037 ctum
264 985 352 1041 post
371 984 471 1028 ὖποδ,
494 995 534 1024 et
555 999 712 1024 comma
734 984 822 1040 post
844 992 961 1033 φαλ.,
985 983 1057 1024 sed
1079 996 1278 1038 punctum
1301 987 1431 1025 vtrim

131 1059 214 1099 que
237 1044 318 1083 Ox.
341 1059 397 1090 2„
424 1053 512 1082 tum
534 1043 617 1084 Ox.
643 1054 677 1083 1.
700 1054 899 1096 punctum
924 1056 1015 1080 cum
1039 1041 1153 1088 colo,
1195 1053 1236 1080 at
1257 1043 1336 1087 Ed,
1361 1058 1429 1082 co·
1509 1083 1512 1085 ,

130 1101 169 1140 la
192 1101 274 1140 duo
296 1116 335 1154 p.
355 1105 448 1153 169.
470 1115 523 1142 m.
538 1128 549 1148 ‚
578 1099 648 1139 vbi
668 1110 710 1139 et
729 1111 833 1139 mox*
849 1097 938 1152 post
959 1103 1076 1151 φέρειν
1097 1099 1296 1139 vitiosum
1320 1115 1428 1140 com-

130 1173 198 1198 ma
220 1173 313 1197 cum
336 1158 416 1200 Ox,
443 1170 478 1198 1.

187 1227 232 1268 it.
266 1241 309 1279 p.
342 1240 434 1277 145.
467 1240 504 1267 e.
543 1225 593 1264 ad
624 1235 666 1275 3,
699 1238 767 1277 14,
800 1240 840 1277 9.
875 1239 910 1268 e.
943 1225 1016 1265 vbi
1033 1223 1122 1278 post
1141 1243 1244 1273 μαχ.
1268 1224 1428 1265 habent

126 1282 221 1328 Ald,
242 1298 333 1322 cum
356 1284 445 1336 Stp.
466 1293 693 1336 punctum,
743 1283 786 1324 it.
818 1282 924 1329 Ox.,
969 1293 1110 1322 tamen
1140 1282 1219 1320 Ed.
1251 1282 1372 1322 colon
1403 1297 1425 1321 e

125 1342 217 1382 Pat.
238 1355 280 1394 p.
302 1339 372 1383 σθ’,
394 1355 445 1378 m.
478 1339 521 1378 id
542 1354 624 1394 qu?
646 1355 739 1379 cum
759 1340 846 1379 Ms.
871 1339 973 1390 Ba„
1013 1354 1192 1393 quocum
1217 1339 1260 1377 id
1281 1350 1322 1378 et
1343 1342 1427 1379 fert

122 1412 166 1451 p.
200 1411 293 1447 154.
324 1412 377 1435 m.
421 1393 472 1434 ad
500 1405 540 1447 4,
573 1408 611 1444 2,
633 1399 671 1439 6.
699 1412 753 1435 m.
782 1413 824 1452 p.
847 1402 942 1446 813.
983 1395 1073 1452 post
1091 1413 1199 1445 κοσμ.
1221 1411 1296 1450 pro
1318 1412 1426 1436 com·

122 1465 233 1493 mate.
256 1455 340 1496 Ox.
363 1454 450 1506 Stp.
473 1463 514 1493 et
536 1453 632 1496 Ald.
661 1454 706 1497 it.
728 1459 812 1495 Par.

180 1522 364 1576 denique
395 1521 446 1559 ad
468 1529 502 1566 8,
525 1530 564 1571 8,
589 1531 651 1567 13.
673 1524 697 1564 i,
729 1521 820 1577 post
848 1523 948 1570 ἓξεβ.
976 1536 1049 1577 pro
1080 1520 1178 1565 Ald.
1207 1532 1424 1572 commate,

64 1589 66 1593 ’
112 1594 163 1634 Ρ.
184 1580 324 1627 5131.
347 1589 386 1627 8.
417 1578 538 1618 colon
560 1594 651 1618 cum
672 1580 756 1620 Ox.

183 1652 230 1699 3)
261 1661 335 1701 per
356 1647 459 1687 vitia
490 1649 684 1702 (praeter
704 1649 896 1703 propria,
924 1656 971 1688 vt
992 1663 1036 1704 p,
1058 1658 1098 1694 5.
1122 1662 1159 1690 e.
1183 1646 1338 1698 εἰκότως,
1371 1650 1422 1687 ad

126 1719 164 1756 1,
190 1722 224 1749 1,
252 1720 314 1747 ῐο.
336 1706 363 1744 i.
393 1703 465 1743 fed
488 1720 528 1759 p.
555 1720 646 1756 292.
671 1707 697 1747 i.
727 1706 824 1746 sect.
847 1708 905 1746 H.
930 1720 964 1745 e.
982 1705 1123 1755 ἓλπιζον
1155 1705 1205 1744 ad
1234 1715 1271 1751 8,
1298 1722 1333 1754 1,
1360 1710 1423 1746 16.

121 1760 328 1816 i.1p,31‘>.n.
361 1764 414 1803 cf.
439 1774 480 1808 2,
501 1771 540 1812 4,
567 1775 628 1804 11.
652 1778 690 1817 p.
717 1768 846 1814 113.)
882 1763 932 1803 ad
962 1764 1049 1817 Stp.
1082 1764 1137 1805 cf.
1166 1778 1208 1817 4,
1242 1779 1278 1811 2,
1313 1779 1344 1815 ς.
1379 1779 1418 1816 p.

123 1829 218 1870 837.
247 1821 336 1873 Stp.
362 1834 403 1872 p.
428 1827 492 1869 89.
513 1833 547 1857 e.
583 1818 649 1858 τές
667 1843 725 1850 —-
743 1825 986 1870 ἒποιινεμὲνοις
1005 1819 1084 1860 Ed.
1105 1836 1144 1875 p.
1170 1830 1260 1871 157.
1277 1836 1310 1860 e.
1334 1836 1421 1859 non

124 1892 222 1918 vero
243 1875 293 1914 ad
316 1876 418 1919 Ox„
450 1875 588 1930 quoad
611 1892 724 1916 nunc
750 1878 809 1925 (d.
834 1883 856 1918 6
882 1879 988 1932 Aug.
1012 1881 1101 1928 93.)
1133 1879 1324 1932 conserte
1348 1892 1421 1931 po-

118 1936 209 1980 tui,
257 1946 494 1986 quanquam
515 1932 613 1971 olim
635 1944 783 1972 notans
814 1934 938 1979 talia,
991 1949 1166 1987 quarum
1198 1935 1418 1988 Vtriusque
1496 1942 1501 1945 ’

119 1992 244 2035 vitia,
294 1989 413 2042 supra
441 1999 691 2036 memorata,
740 1989 1002 2044 deprehendi
1034 1990 1218 2036 sublata;
1266 1990 1339 2030 sed
1363 2002 1422 2030 ta,

117 2062 239 2094 men,
284 2045 396 2101 quod
425 2044 620 2099 postridie
652 2048 814 2100 reperi,
868 2046 918 2086 ad
947 2047 1028 2086 Ox.
1061 2059 1100 2090 2.
1147 2063 1181 2094 1,
1205 2060 1268 2094 12,
1292 2061 1355 2091 12.
1375 2063 1416 2102 p.

120 2116 214 2155 307.

173 2178 219 2224 4)
254 2185 326 2227 per
346 2171 588 2226 scripturam
609 2170 658 2210 ad
683 2171 766 2211 Ox.
782 2202 793 2221 ‚
839 2171 978 2226 quoad
1001 2183 1217 2222 accentus,
1266 2174 1415 2227 partim

114 2230 283 2286 quidem
300 2260 309 2275 ,
352 2229 446 2277 fed,
485 2228 624 2283 quoad
644 2227 748 2279 alia,
790 2228 841 2268 ad
862 2230 950 2284 Stp.
967 2259 978 2278 ,
1013 2238 1060 2271 vt
1081 2231 1126 2268 in
1148 2227 1277 2279 κομιδῆ
1309 2244 1347 2280 1,
1378 2248 1413 2279 ι,

115 2304 154 2339 9.
177 2303 213 2328 e.
235 2303 273 2343 p.
293 2285 335 2337 δῇ
356 2287 438 2328 Ox.

176 2362 217 2409 5)
249 2371 325 2411 per
345 2355 550 2395 lectiones
570 2354 670 2401 rel..
694 2354 890 2409 -vndique
910 2354 1116 2404 collectas,
1147 2370 1235 2397 non
1257 2358 1306 2397 ad
1325 2359 1413 2412 Stp.

53 2416 58 2418 “
113 2424 156 2464 8,
177 2424 220 2462 5,
241 2421 281 2463 8.
304 2428 339 2452 e.
381 2427 458 2451 nec
478 2411 527 2450 ad
549 2413 640 2451 eius
662 2413 942 2454 coniecturas,
985 2414 1039 2453 cf.
1055 2426 1111 2462 -2,
1135 2427 1198 2468 13,
1222 2418 1284 2457 16.
1306 2416 1333 2454 i.
1377 2429 1414 2466 3„
1446 2409 1456 2426 ⁸

114 2475 154 2521 6,
180 2484 244 2515 11.
266 2471 292 2511 i.
323 2481 365 2510 at
386 2480 525 2509 tamen
549 2483 584 2520 5,
609 2483 647 2520 7,
667 2475 705 2512 6.
729 2471 755 2511 i.
799 2484 839 2521 7,
868 2481 905 2516 2,
928 2482 990 2521 15.
1012 2485 1053 2524 p.
1078 2474 1172 2521 ⁶03·
1219 2483 1260 2521 7,
1287 2489 1350 2520 11,
1371 2473 1410 2516 6.

111 2530 138 2569 i.
164 2528 292 2570 Add..
324 2534 365 2578 8,
386 2529 428 2574 6,
451 2539 491 2583 5.
522 2540 561 2577 7.
586 2541 623 2567 e.
664 2536 729 2573 17.
752 2542 786 2568 e.
826 2536 865 2576 8,
890 2541 927 2577 7,
958 2542 989 2569 ι.
1011 2541 1194 2581 p.<1073.
1239 2545 1275 2570 2.
1299 2530 1325 2569 i.
1369 2540 1410 2575 5,

110 2587 138 2626 i.
177 2588 237 2626 16.
259 2599 295 2628 e.
330 2598 393 2635 17.
414 2599 455 2638 p.
483 2599 602 2635 1095.
639 2593 674 2630 8,
694 2593 733 2631 8,
761 2592 824 2629 18.
849 2585 874 2626 i.
915 2607 972 2617 —-
1011 2583 1055 2623 id
1079 2601 1160 2641 que
1180 2601 1202 2625 a
1224 2586 1309 2627 sola
1331 2589 1410 2628 Ed.

113 2656 153 2693 7,
178 2658 242 2690 11,
272 2651 331 2689 15.
357 2643 381 2680 i.
408 2664 463 2672 ——-
490 2652 534 2680 vt
556 2641 605 2679 ad
627 2645 676 2691 ej.
697 2641 899 2680 lectiones
919 2652 1081 2682 veteres
1102 2657 1153 2683 ve
1177 2655 1214 2692 Ι,
1246 2657 1280 2693 1,
1306 2658 1339 2696 ς,
1365 2659 1403 2697 p.

112 2705 179 2742 16.
229 2699 390 2738 seruato
411 2708 492 2737 art.
524 2699 564 2742 it.
596 2698 675 2739 adi.
710 2697 836 2737 κοιινοές
864 2714 898 2745 1,
924 2713 958 2747 3,
977 2709 1015 2747 5.
1034 2715 1076 2754 p.
1103 2706 1167 2749 68.
1213 2725 1271 2732 -
1319 2703 1361 2740 it.
1388 2715 1404 2737 ω
