1707 3029
58 474 109 520 V.
144 493 240 534 990.

61 536 110 578 C.
144 547 240 585 237.

312 71 386 115 IN
424 64 797 114 HERODIANI
833 66 1218 110 HISTORIAM.
1378 77 1472 119 205

279 190 407 247 Quod
429 189 680 237 vbiRomae
692 188 909 243 vulgatum
931 185 1008 230 est:
1041 186 1259 227 vniuersus
1272 186 1475 241 Populus,

279 248 449 289 abolitis
477 247 707 287 :Maximini
738 245 994 293 honoribus,
1043 243 1302 284 Gordianum
1342 243 1477 283 filium

277 315 360 361 que
385 305 509 359 ipsius
537 302 739 358 Augustos
762 303 954 342 declarat.

337 362 449 402 Mox
477 363 655 401 Senatus
685 359 826 399 literas
854 360 903 399 ad
933 359 1250 398 Prouinciarum
1273 359 1480 399 Rectoreo

278 420 431 464 mittit,
470 429 514 458 vt
534 418 691 457 Gentes
714 417 764 455 ad
785 417 1066 456 defectionem
1088 416 1293 471 impellat.

336 478 416 516 His
440 476 619 526 cognitis
639 474 906 512 R'saximinus
931 475 1236 528 profectionem
1259 475 1303 511 in
1314 472 1481 512 Italiam

280 533 428 579 edicit,
459 526 545 572 vno
564 547 645 586 que
668 541 830 570 tantum
853 532 921 571 die
943 531 1187 583 interiecto,
1226 531 1306 570 iter
1336 540 1482 586 aggre-

279 592 407 631 ditur.
442 624 446 627 ,

339 649 459 688 Dum
488 647 532 684 in
566 646 717 685 itinere
752 646 1018 685 Maximinus
1060 645 1137 686 est:
1189 644 1480 700 Capellianus‚

277 704 509 748 'Numidiae
538 704 773 743 Praefectus
791 728 802 750 ,
849 703 1045 743 instructo
1074 703 1270 754 aduersus
1305 702 1481 742 Gordia-

278 779 380 803 num
405 762 593 802 exercitu
610 790 621 807 ‚
649 760 945 816 commiffoque
970 761 1021 800 ad
1042 761 1341 815 Carthaginem
1365 775 1482 813 prae—

279 821 362 867 lio,
403 819 547 858 ambos
577 818 812 857 Gordianos
846 817 1012 857 occidit.
1107 818 1241 858 Cuius
1278 817 1339 871 rei
1369 819 1481 856 fama

279 890 532 933 magnopere
558 873 805 914 consternati
825 876 1032 921 Romani,
1060 872 1299 913 Maximum
1325 873 1482 928 Pupie-

279 950 382 975 num
420 944 461 973 et
512 932 708 972 Clodium
750 932 950 970 Albinum
991 933 1272 986 Imperatores
1313 942 1482 978 creant3

282 1008 375 1032 cum
397 1004 479 1046 que
501 988 600 1028 huic
622 989 799 1028 Senatus
820 988 1017 1029 electioni
1037 989 1323 1028 aduersaretur
1351 994 1484 1042 Popu-

282 1049 372 1089 lus:
427 1045 631 1086 Gordiani
656 1055 837 1101 nepote,
880 1046 1069 1100 ”puerulo
1090 1045 1255 1096 adhuc,
1305 1045 1483 1086 Caesare

283 1116 424 1146 creato
452 1104 675 1158 mitigatur.

340 1161 435 1202 Post
456 1161 560 1200 haec
583 1160 730 1215 ingens
752 1161 914 1199 Romae
935 1156 1142 1200 tumultus
1157 1190 1168 1208 ‚
1211 1173 1256 1199 ac
1278 1160 1483 1214 paulatim

283 1220 410 1271 'ciuile
427 1218 583 1258 bellum
603 1225 737 1257 ortum
761 1217 829 1264 est,
862 1218 906 1256 in
929 1232 1028 1271 quo,
1061 1213 1399 1257 conflictantibus
1420 1219 1484 1256 ins

281 1282 347 1318 ‘ter
377 1276 419 1316 [e
450 1275 655 1315 'militibus
683 1275 963 1314 Praetorianis
992 1289 1038 1313 ac
1059 1274 1227 1330 Populo
1245 1304 1258 1323 ‚
1298 1275 1484 1321 tandem,

235 1346 240 1363 '=
284 1334 509 1389 eruptione
537 1332 715 1373 militum
750 1333 885 1383 facta,
930 1332 1069 1373 omnia
1089 1332 1287 1373 incendio
1308 1347 1355 1372 ac
1375 1331 1485 1372 dire·-

67 2365 120 2404 V.
149 2376 248 2418 991⁶

68 2423 117 2463 C·
152 2430 246 2470 238³

283 1393 433 1447 ptione
452 1389 616 1431 turbata
639 1390 748 1431 sunt.

341 1445 460 1489 Inter
480 1448 583 1488 haec
602 1444 868 1488 Maximinus
889 1458 981 1489 cum
1003 1450 1192 1491 exercitu
1207 1448 1356 1490 Italiae
1381 1449 1486 1488 fines

281 1508 501 1562 attigerat,
530 1506 734 1560 [uper-atis
755 1522 836 1562 que
860 1508 1030 1548 nemine
1061 1507 1271 1548 resistente
1291 1507 1486 1561 Alpibus„

283 1563 522 1618 Aquileiam
553 1563 778 1603 obsidebat.
854 1564 938 1604 Sed
967 1564 1259 1620 Aquileienses
1287 1558 1485 1605 Ducibus

284 1620 481 1675 Crispino
504 1631 545 1660 et
567 1621 823 1675 lVIenephilo
842 1623 1008 1662 fortiter
1024 1621 1276 1662 resistebant.

344 1679 486 1734 Quare
506 1690 799 1733 oppugnantes
819 1678 944 1718 doliis
960 1709 971 1727 ‚
1005 1680 1100 1734 pice
1123 1680 1289 1719 refertis
1307 1710 1317 1728 ,
1349 1681 1486 1735 graui·-

285 1747 346 1776 tet
379 1736 544 1782 vexati,
585 1751 630 1775 ac
658 1735 827 1775 demum
856 1734 993 1776 rerum
1016 1737 1206 1776 omnium
1227 1739 1403 1791 penuria
1425 1738 1487 1776 af-

285 1793 414 1840 flicti,
457 1805 630 1848 repente
660 1793 874 1832 consilium
905 1793 1125 1833 occidendi
1149 1795 1385 1835 Maximini
1422 1809 1489 1832 ca-

284 1852 424 1904 piunt.
483 1852 733 1905 Ingruentes
753 1866 835 1905 que
856 1850 997 1889 medio
1017 1851 1110 1898 die,
1146 1851 1282 1906 ipsum
1314 1866 1407 1890 cum
1442 1850 1489 1889 fi-

285 1907 344 1947 lio
368 1908 640 1954 obtruncant,
671 1907 880 1961 capitibus
900 1910 1079 1946 Romam
1111 1908 1251 1950 misfis.
1315 1909 1410 1963 Qua
1441 1923 1485 1946 re

285 1966 450 2020 cognita
475 1965 643 2012 obseffi,
696 1963 748 2004 ad
769 1966 994 2004 amicitiam
1012 1964 1063 2002 ab
1084 1964 1369 2005 obsidentibus
1392 1979 1488 2018 pro-

286 2022 427 2060 vocati
442 2051 452 2068 ‚
480 2021 619 2059 omnia
637 2020 868 2060 liberaliter
889 2022 941 2059 iis
963 2020 1248 2075 suppeditant.

345 2077 450 2116 Inde
473 2078 689 2116 Maximus
712 2078 942 2131 PupienuS,
973 2078 1046 2132 qui
1070 2088 1160 2117 tum
1182 2080 1416 2118 Rauennae
1441 2079 1487 2118 in

287 2134 527 2189 apparando
548 2133 660 2174 bello
682 2134 979 2188 occupabatur,
1002 2134 1241 2191 Aquileiam
1254 2138 1485 2190 profectus,

287 2193 517 2231 exercitum
549 2192 592 2230 in
613 2192 854 2246 prouincias
883 2190 1007 2230 castra
1028 2206 1109 2246 que
1133 2195 1301 2247 propria
1321 2193 1485 2234 dimisit,

284 2247 382 2303 Ipse
403 2263 502 2289 vero
524 2263 618 2289 cum
647 2248 914 2303 stipatoribus
942 2262 990 2288 ac
1019 2248 1294 2290 auxiliaribus
1315 2251 1486 2292 Germa⁹

285 2307 353 2345 nis
373 2307 550 2346 Romam
570 2306 760 2355 reu-ersus
788 2305 857 2346 est.

343 2364 505 2404 Romae
536 2364 664 2419 igitur
689 2363 907 2403 Maximus
939 2375 980 2404 et
1000 2363 1205 2404 Balbinus
1232 2379 1380 2420 magna
1400 2381 1487 2406 mo-

289 2419 480 2462 destiaet
500 2422 704 2476 grauitate
726 2422 1012 2475 imperabant,
1044 2436 1137 2461 cum
1156 2432 1346 2477 repente,
1377 2424 1485 2463 inter

288 2478 412 2518 ludos
433 2478 720 2532 Capitolinos,
749 2478 905 2519 milites
921 2509 932 2527 ‚
976 2477 1151 2534 indigne
1170 2480 1355 2519 ferentes
1369 2510 1380 2529 ‚
1417 2480 1485 2519 da-

288 2545 355 2576 tos
375 2535 449 2574 fibi
473 2549 495 2575 a
520 2537 675 2575 Senatu
702 2537 943 2590 Principes,
973 2536 1128 2578 vesano
1151 2536 1334 2592 quodam
1367 2548 1485 2577 motu

289 2592 340 2631 ad
359 2593 536 2648 Regiam
559 2603 826 2641 concurrunt,
860 2593 972 2646 ipsos
995 2608 1075 2649 que
1096 2595 1393 2649 Imperatores,
1422 2595 1484 2634 iri-

288 2659 350 2689 *tr
379 2649 421 2688 [e
451 2650 729 2692 aemulatione
760 2650 969 2706 potestatis
1008 2651 1274 2701 diffidentes,
1325 2652 1483 2705 impetn
