1748 3017
349 117 859 167 HERODIANI
920 117 1414 164 HISTORIAE

169 242 258 268 auro
280 230 509 280 gemmisque
541 229 786 281 pretiaefi'ffimis
814 229 948 272 ornati,
974 229 1099 266 solent
1120 226 1367 264 delicatiffimo
1390 223 1528 272 cuique
1539 224 1614 262 Ro·

131 270 153 305 ⁶
173 292 362 316 manorum
383 279 449 316 effe
479 281 758 318 obleetamento.
818 281 851 315 Is
880 280 929 314 ita
959 277 1171 314 Commodo
1202 278 1326 312 charus
1355 284 1434 311 erat
1457 284 1498 310 vt
1528 287 1612 312 cum

174 330 247 365 ino·
269 328 374 376 saepe
404 329 517 366 etiam
545 332 715 371 cubaret,
742 341 781 364 ac
805 328 1130 364 l'hilocommodus
1157 326 1425 373 appellaretur,
1454 323 1533 370 ipso
1554 324 1612 360 in·

129 377 154 410 7
173 378 321 413 dicante
343 379 495 415 nomine
512 390 670 414 amorem
700 375 886 425 principis.
939 376 1010 412 Hic
1040 376 1164 422 itaque
1193 387 1285 421 puer
1305 373 1404 428 sorte
1433 373 1612 410 ludibun-

174 426 256 468 dus»
281 426 320 470 le)
346 439 526 473 occupato
546 428 644 463 inter
666 428 789 463 balnea
809 437 847 462 et
867 427 1033 471 crapulas
1056 424 1280 465 Commodo,
1307 422 1521 458 cubiculum
1548 423 1608 468 (vt

177 476 449 518 consueuerat‚)
475 476 674 524 ingreffus,
698 476 817 512 sumto
847 475 883 510 in
914 486 1042 510 manus
1069 474 1131 522 qui
1152 473 1265 520 supra
1292 472 1450 508 sedulum
1471 471 1611 507 iacebat

134 521 154 554 8
172 524 315 563 libello,
342 525 488 571 quicum
522 525 702 565 lusitar'et,
727 525 824 561 foras
848 523 1023 570 proceffir.
1078 535 1118 557 ac
1140 522 1236 557 forte
1266 521 1420 568 quadam
1444 520 1483 556 in
1506 520 1612 556 Mar-

174 572 263 608 tiam
294 572 434 608 incidit.
485 586 577 619 quae
605 586 719 620 quum
761 585 912 619 puerum
944 571 1052 608 etiam
1084 571 1155 618 ipsa
1186 571 1381 619 diligeret,
1417 571 1612 624 complexa*

175 621 277 668 prius
297 633 406 662 atoue
427 622 647 665 deosculata,
669 623 835 658 libellum
856 634 967 657 manu
989 621 1129 657 aufert:
1159 619 1286 662 verita,
1303 632 1350 655 ne
1373 618 1463 665 quid
1477 620 1525 654 ob
1547 631 1611 673 ψ·-

131 670 155 704 9
174 670 323 707 fantiam
347 670 478 706 inscius
502 685 590 719 puer
608 685 727 708 rerum
750 671 892 707 fortasse
912 672 943 712 l)
969 670 1178 718 grauiorum
1202 668 1433 705 labefacetet.
1472 671 1611 714 Agnita

175 719 264 754 dein
293 720 490 756 Commodi
518 733 648 761 manu,
674 733 714 756 ac
734 720 880 767 legendi
906 718 1082 765 cupidine
1101 718 1214 766 magis
1233 716 1367 759 illecta,
1397 721 1448 760 m)
1468 717 1531 752 vbi
1551 717 1611 752 {u-

173 767 273 804 nesta
291 769 490 811 contineri,
517 782 556 804 ac
577 770 612 805 se
634 771 786 816 primam
809 769 886 815 peti
908 768 1105 809 intellexit,
1135 769 1365 814 Laetumque
1386 776 1425 801 et
1446 765 1611 802 Eiestum

172 816 362 864 subsequi,
391 830 601 866 tantamque
621 819 793 864 deinceps
814 817 1041 864 reliquorum
1066 816 1226 852 futuram
1248 815 1396 850 caedem
1417 829 1424 849 ε
1450 816 1540 852 haec
1559 813 1612 849 se-

111 865 157 889 ¹0
177 877 260 902 cum
290 866 531 914 ingemiscens
561 867 857 909 confusor-rabat,
891 868 1005 914 Euge,
1035 867 1232 906 Commode,
1260 867 1298 913 n)
1322 865 1483 901 haeccine
1499 873 1610 912 prae-

174 915 247 950 mia
267 915 519 952 beneuolentiae
547 917 744 965 amorisque
762 915 872 964 sunt:
898 917 954 951 ita
968 916 1104 964 scilicet
1132 916 1175 950 de
1198 924 1234 950 te
1248 915 1382 955 merui,
1409 925 1510 962 quum
1535 922 1612 947 tam

174 964 299 998 multos
315 977 424 1000 annos
448 967 671 1001 contumelias
690 966 963 1012 ebrietatemque
991 974 1089 1000 tuam
1111 965 1273 1013 pertuli?
1299 965 1369 999 Sed
1393 973 1612 1011 nequaquam

176 1013 245 1048 tihi
261 1013 345 1048 haec
373 1014 428 1049 ita
441 1013 675 1062 suec-efferim,
698 1015 779 1050 viro
807 1015 1018 1056 temulento,
1047 1012 1213 1061 aduersus
1233 1011 1390 1061 sobriam
1417 1012 1609 1048 mulierem.

112 1060 154 1086 ¹¹
175 1060 246 1096 His
267 1061 383 1102 distis,
412 1064 573 1099 EleEtum
595 1064 691 1099 adse
712 1062 859 1099 arcersit
885 1066 1012 1109 (quem
1034 1062 1146 1098 etiam
1169 1062 1243 1109 ipsa
1266 1062 1466 1110 aliquando
1487 1073 1553 1107 per
1572 1058 1612 1096 se

111 1109 154 1134 ¹2
174 1109 389 1153 conuenire,
416 1123 546 1159 vtpote
567 1111 730 1148 cubiculi
758 1111 942 1148 custodem
973 1110 1099 1153 solita,
1125 1123 1161 1147 et
1188 1124 1271 1148 cum
1300 1124 1345 1147 eo
1366 1121 1520 1159 quoque
1539 1108 1612 1145 stu-

174 1157 231 1204 pri
262 1159 417 1195 habuisse
441 1161 750 1197 consuetudinem
778 1162 1018 1206 credebatur)
1052 1161 1268 1207 traditoque
1296 1160 1333 1196 in
1358 1172 1490 1196 manus
1507 1157 1614 1196 libel·

112 1204 150 1241 ¹3
172 1209 222 1247 lo,
259 1209 344 1242 Vide
369 1209 525 1255 (inquit)
555 1211 680 1251 Eleft‘e,
706 1209 895 1245 cuiusmodi
906 1207 1024 1256 finnus
1043 1209 1108 1244 hac
1127 1210 1222 1245 noffffe
1232 1207 1368 1258 f‘fftum
1381 1207 1610 1244 celebraturi.

111 1255 153 1289 14
172 1258 205 1293 Is
227 1268 271 1291 eo
294 1256 387 1292 lefto
409 1258 666 1306 expauefastus
695 1261 786 1305 (erat
805 1269 925 1294 autem
938 1258 1146 1305 Aegyptius
1174 1269 1330 1304 genere,
1363 1257 1477 1293 audax
1496 1256 1612 1291 homo

171 1304 206 1347 o)
217 1316 258 1339 ac
269 1317 447 1351 promtus,
459 1319 496 1343 et
510 1307 606 1343 irasci
627 1307 761 1353 facilis)
773 1307 888 1344 statim
902 1306 1077 1355 lignatum
1092 1307 1255 1342 libellum
1268 1320 1330 1353 per
1343 1306 1533 1342 hominem
1547 1302 1611 1340 fibi

111 1352 151 1386 ¹5
173 1351 309 1396 fidum,
342 1355 455 1391 Laeto
483 1357 681 1406 legendum
711 1357 838 1393 mittit.
892 1356 969 1398 Qui
1000 1356 1089 1391 item
1121 1355 1339 1398 exteri-itm,
1371 1358 1414 1391 ad
1438 1353 1612 1390 Martiam

173 1404 383 1446 contendit,
410 1404 576 1441 iimulans
599 1410 643 1441 de
664 1405 708 1441 iis
724 1407 778 1442 ire
800 1406 834 1442 fe
848 1406 1108 1447 contristatum,
1127 1417 1222 1451 quae
1242 1406 1286 1441 ad
1307 1403 1612 1441 concinnandum

111 1443 155 1476 ¹⁶
174 1463 219 1486 ex
248 1450 337 1488 iuffu
366 1453 543 1501 principis
572 1455 699 1490 ludum
727 1454 982 1502 gladiatorium
1013 1455 1253 1501 pertinerent.
1312 1456 1349 1503 p)
1377 1455 1462 1489 Hoc
1498 1451 1613 1500 igitur

173 1498 222 1534 vfi
242 1512 453 1545 praetextu,
483 1505 528 1551 q)
556 1503 789 1540 constituunt
818 1516 879 1541 aut
905 1503 1117 1539 faciendum
1148 1503 1209 1538 fibi
1243 1503 1516 1550 quamprimum
1548 1509 1613 1538 aut

173 1549 387 1595 patiendum
421 1551 583 1598 aliquid:
613 1553 760 1589 nullum
788 1566 911 1589 morae
941 1553 1087 1594 locum,
1120 1552 1265 1588 nullutn
1289 1549 1610 1599 procrastinationi

109 1597 154 1629 ι7
173 1595 251 1632 effe.
302 1599 483 1646 Placitum
514 1612 634 1637 autem
661 1601 712 1637 est
739 1614 813 1637 rem
834 1614 985 1637 veneno
1008 1603 1087 1649 agi:
1115 1603 1216 1648 quod
1243 1602 1279 1636 se
1310 1601 1417 1636 facile
1444 1601 1610 1636 daturam

173 1646 305 1682 Martia
325 1648 480 1695 recepit,
508 1649 648 1697 quippe
671 1650 777 1686 solita
801 1651 961 1698 primum
980 1649 1050 1686 *illi
1075 1649 1226 1686 miscere
1253 1661 1363 1696 atque
1387 1648 1522 1685 offerre
1543 1661 1612 1696 po-

110 1691 152 1723 ¹8
174 1695 317 1737 culum,
344 1709 384 1734 vt
415 1699 458 1732 ab
486 1699 598 1733 amica
628 1702 834 1746 porrectum
865 1699 1007 1735 suauius
1037 1700 1238 1735 biberetur.
1293 1699 1408 1748 igitur
1435 1697 1612 1734 redeunti

170 133 232 164 22

173 1757 219 1780 ex
250 1745 388 1782 balneis
408 1747 649 1783 commixtum
673 1748 764 1785 vino
783 1748 1030 1785 odoratiflimo
1050 1761 1237 1784 venenum
1267 1749 1306 1785 in
1327 1748 1439 1784 calice
1456 1748 1610 1784 obtulit.
1660 1753 1670 1757 ‘

111 1792 154 1826 ¹9
173 1793 239 1830 Ine
261 1792 326 1830 diu
347 1794 504 1832 lauando
526 1798 563 1843 r)
588 1798 837 1847 venandoque
849 1796 963 1843 feras
985 1798 1137 1834 collecta
1158 1797 1229 1840 siti,
1248 1801 1280 1846 s)
1310 1797 1428 1834 veluti
1453 1797 1500 1840 de
1526 1809 1611 1833 mo-

912 1902 1036 1939 lentus
1056 1903 1145 1940 haec
1165 1902 1337 1939 aduersus
1356 1902 1510 1940 sobriam
1531 1913 1614 1939 mu-

912 1952 1043 1989 lierem
1066 1953 1213 1988 molitus
1231 1952 1359 1989 fueris.

960 2003 994 2048 o)
1022 2014 1061 2036 ac
1085 2013 1192 2037 manu
1217 2011 1384 2048 promtus
1405 2012 1442 2036 et
1463 2000 1535 2037 irae
1546 2001 1613 2037 im.

910 2053 1112 2099 potens,'ad
1135 2052 1299 2091 verbum,
1325 2051 1388 2098 qui
1410 2051 1482 2086 hoc
1504 2063 1522 2086 a
1544 2062 1611 2086 na-

170 1896 337 1935 amictum
359 1899 519 1946 gestant,
548 1902 608 1938 sed
638 1915 727 1939 auro
748 1914 784 1939 et
815 1903 863 1939 la-

169 1947 315 1994 pidibus
335 1949 591 1993 pretioliffimis
612 1951 695 1987 sunt
716 1953 861 1988 ornati:

167 1995 301 2041 quibus
323 1997 463 2044 semper
483 2001 646 2047 gaudent
668 2014 709 2036 ex
732 2001 862 2037 Roma·

165 2044 225 2080 nis
256 2045 304 2087 ii,
354 2047 416 2094 qui
457 2048 559 2085 luxui
602 2049 719 2086 dediti
762 2050 859 2087 sunt.

166 2094 282 2140 Steph.

209 2140 254 2188 k)
283 2154 398 2189 quum
431 2146 660 2183 Commodus
688 2147 732 2183 ad
765 2160 859 2185 con-

163 2189 264 2226 sueta
285 2192 412 2228 balnea
434 2206 472 2229 et
490 2197 652 2243 crapulas
669 2197 859 2244 profeaus

164 2239 261 2275 ess'et.
289 2240 403 2288 Steph.

207 2289 244 2334 l)
275 2289 559 2327 necersariarum.
589 2294 707 2341 Steph.

185 2384 192 2391 ι
213 2339 260 2382 m)
289 2337 350 2390 ubi
372 2341 600 2377 mortiterum
620 2342 687 2378 esse
709 2356 857 2390 compe·

163 2395 225 2426 tit,
251 2397 292 2420 ac
311 2389 345 2421 ie
366 2388 518 2431 primam
539 2391 606 2425 esl'c
627 2393 853 2435 morituram,

162 2434 264 2470 Laet.
286 2447 323 2470 et
348 2435 396 2470 hl.
416 2437 681 2475 subsecuturos.
710 2443 827 2488 S'teph.

213 2485 252 2527 n)
276 2483 446 2520 haeccine
478 2488 587 2536 gratia
607 2490 719 2525 amori
745 2493 857 2526 bene-

164 2532 350 2567 volentiae
386 2546 458 2579 que
491 2548 590 2571 meac
627 2539 856 2583 rependitur,

163 2579 355 2626 postquam
386 2592 442 2615 tot
476 2596 591 2620 annos
621 2598 697 2622 tuas
728 2589 856 2624 contu-

165 2629 294 2682 melia-5
318 2641 416 2666 tuam
439 2643 510 2677 que
531 2634 744 2672 ebrietatem
767 2639 856 2673 tole-

167 2679 272 2713 raui?
296 2679 368 2714 Sed
396 2692 474 2717 non
501 2682 653 2731 impune
682 2696 722 2722 tu
742 2697 859 2724 temu-

911 2111 991 2136 tura
1010 2100 1167 2135 habebat
1180 2126 1189 2141 ‚
1216 2110 1257 2136 vt
1284 2099 1356 2136 irae
1374 2099 1531 2136 seruiret
1549 2099 1610 2136 vel

908 2148 1134 2197 indulgeret.
1161 2150 1279 2196 Steph.

957 2200 997 2247 p)
1029 2200 1157 2241 Quum
1179 2199 1292 2246 igitur
1313 2196 1544 2238 simulassent,
1574 2195 1611 2233 se

910 2246 955 2282 dc
976 2247 1033 2287 iis,
1062 2259 1156 2294 quae
1171 2251 1213 2283 ad
1235 2247 1340 2289 illum
1365 2245 1609 2292 pertinerent.

908 2295 1130 2336 consultare,
1143 2295 1374 2330 constituunt
1384 2305 1478 2340 caet.¹
1488 2294 1608 2345 Steph.

955 2346 993 2393 q)
1023 2343 1257 2380 constituunt
1273 2343 1392 2380 facere
1413 2343 1512 2390 prius
1541 2345 1608 2380 ali-

906 2393 1010 2442 quid,
1040 2405 1148 2441 quam
1169 2393 1254 2440 pati.
1287 2393 1430 2428 Memm.

956 2443 993 2489 r)
1019 2442 1055 2479 se
1081 2453 1155 2490 que
1175 2454 1258 2478 curn
1277 2439 1366 2478 feris
1387 2443 1608 2480 exercendo.

906 2491 997 2537 Sylla
1364 2517 1373 2527 ,Α

956 2543 991 2583 s)
1018 2537 1138 2577 veluti
1163 2539 1273 2576 talem
1297 2551 1442 2585 potum,
1461 2541 1624 2588 qualem-

910 2589 1022 2626 amica
1044 2601 1248 2633 temperare
1272 2588 1433 2630 solebat,
1462 2591 1511 2627 ita
1530 2591 1609 2626 ebi-

911 2638 978 2680 bit,
991 2649 1030 2674 vt
1047 2638 1138 2673 nihil
1155 2637 1319 2678 sentiret,
1340 2640 1361 2674 i.
1376 2652 1407 2674 e.
1422 2652 1462 2675 vt
1481 2639 1607 2680 alium,

911 2699 1019 2736 quam
1040 2686 1259 2725 consuetum
1281 2687 1422 2737 gustum
1443 2687 1512 2726 ess'e
1527 2700 1609 2726 non
