1707 3029
227 154 256 189 2
266 155 323 186 io
697 135 1178 198 GENEALOGIAE·

342 260 513 303 Ceionii
526 257 763 306 Commodi,
792 258 865 312 qui
886 258 939 298 L.
957 259 1111 298 Verum
1137 256 1356 298 Caesarem
1379 267 1420 298 et
1439 257 1528 298 Lu·

532 317 643 357 cium
669 316 821 355 Verum
855 316 1052 370 Imperat.
1086 314 1338 355 habuerunt.

282 400 338 440 L.
360 398 494 440 Verus
516 411 569 436 ex
586 395 786 436 Hetruria
808 393 875 436 vel
897 395 1099 434 Fauentia
1133 394 1352 434 oriundus.

284 524 339 564 L.
365 523 567 564 Ceionius
591 512 863 562 Commodus.

282 648 338 689 L.
362 648 564 689 Ceionius
592 643 849 686 Commodus
878 644 1029 685 Caesar
1053 645 1188 685 Verus
1215 644 1311 685 Cos.
1341 659 1436 685 cum
1457 644 1552 684 Sex.
1565 641 1647 687 „Vi-

232 706 378 746 tuleno
403 705 550 759 Ciuica
572 703 833 755 Pompeiano
865 708 912 742 A.
932 704 984 744 V.
1009 712 1106 751 {5ss3.
1144 716 1229 756 quo
1249 702 1372 741 etiam
1395 702 1445 741 ab
1464 704 1649 756 Impera·

229 775 321 804 tore
346 762 530 801 Adriano
551 761 593 799 in
621 759 752 798 filium
785 769 827 798 et
846 759 1115 800 successorem
1147 761 1191 798 in
1210 760 1392 813 Imperio
1427 759 1647 813 adoptatus

230 819 309 865 est,
358 829 399 858 et
429 817 562 857 dictus
592 818 646 856 L.
688 815 776 855 Ael.
812 817 947 857 Verus
979 816 1120 862 Caes..
1171 831 1344 870 magnae
1389 817 1648 856 auctoritatis

231 875 344 930 apud
366 874 591 914 Adrianum
606 903 616 919 ‚
645 873 834 913 infirmae
854 878 1048 923 (autern)
1082 872 1349 914 valetudinis.
1412 873 1531 912 Obiit
1552 872 1646 911 Kal.

229 933 416 974 Ianuarii
437 946 490 970 ex
510 931 725 985 sanguinis
745 930 861 968 fluxu
884 936 931 970 A.
956 930 1055 970 Chr.
1081 935 1158 976 137
1180 929 1247 969 vel
1275 939 1364 977 138.
1410 952 1467 960 —
1529 930 1649 970 onr
1684 946 1689 950 ·

231 989 424 1029 Domitia
444 988 612 1029 Lucilla
630 1017 641 1037 ‚
681 988 876 1042 Nigrini,
923 988 1005 1027 viri
1028 985 1294 1036 Consularis,
1325 986 1425 1025 filia.

242 1119 1616 1159 e—Qd‘k—w.

287 1181 342 1220 L.
375 1178 518 1219 Aelius
547 1179 708 1225 Verus,
769 1179 893 1217 Rom.
1049 1179 1252 1226 Ceionia,
1292 1193 1398 1219 vxor
1423 1180 1488 1218 M.
1522 1185 1649 1226 Anto-

229 1238 488 1291 Imperator,
537 1234 702 1274 consors
728 1235 794 1274 M.
815 1241 897 1274 An·
988 1234 1080 1274 nini
1109 1235 1361 1290 Philosophi
1390 1237 1522 1290 Imp.,
1572 1236 1648 1291 ipsi
1665 1232 1674 1242 “

228 1294 369 1335 tonini
398 1291 672 1345 Philosophi,
727 1291 897 1346 adopta·
990 1307 1043 1331 ex
1057 1293 1225 1331 Adriani
1239 1293 1452 1334 voluntate
1473 1293 1647 1348 despon-
1672 1319 1682 1340 s

230 1362 299 1391 tus
331 1349 440 1389 iuffu
471 1348 655 1388 Adriani.
741 1349 895 1388 Dictus
987 1348 1098 1397 sata,
1145 1349 1218 1389 sed
1245 1360 1345 1390 mox
1374 1350 1425 1390 ab
1457 1365 1506 1390 eo
1527 1365 1648 1406 repu-

229 1408 284 1448 L.
318 1406 464 1446 Aelius
502 1411 597 1446 Aur.
641 1403 791 1444 Caesar
827 1405 896 1444 Pii
989 1405 1115 1445 diata.

229 1470 337 1518 Aug.
360 1463 471 1501 filius
486 1491 497 1511 ,
526 1460 667 1500 miffus
687 1476 709 1500 a
729 1462 794 1500 M.
812 1462 898 1500 An-

232 1522 381 1561 tonino
405 1519 546 1558 socero
567 1518 742 1557 ducibus
761 1519 897 1558 Cassio

233 1588 277 1618 et
295 1575 452 1618 Narcio
485 1575 535 1614 de
556 1575 722 1614 Parthis
752 1576 898 1614 trium·
932 1616 936 1621 .

230 1635 396 1689 phauit.
474 1634 524 1671 In
546 1631 684 1671 reditu
711 1646 763 1670 ex
784 1631 897 1671 bello

231 1691 482 1731 Germanico
505 1688 653 1728 [edens
683 1688 794 1741 apud
817 1690 897 1727 fra·

230 1757 337 1788 trem
360 1748 405 1785 in
426 1761 547 1786 curru
577 1745 687 1784 inter
710 1744 897 1783 Altinum

235 1815 277 1845 et
308 1802 586 1845 Concordiam
615 1801 753 1841 subito
799 1816 896 1855 apo·

229 1860 374 1916 plexia
413 1869 649 1913 correptuS,
705 1856 793 1913 post
824 1859 896 1897 tri-

230 1918 360 1957 duum
372 1917 546 1956 moritur
560 1921 606 1958 A.
620 1913 720 1955 Chr.
738 1924 895 1963 172.—

230 1976 349 2015 onr
375 1973 543 2014 Lucilla
563 1971 738 2027 Augusta
753 2002 765 2020 ‚
824 1973 894 2014 Μ.

231 2032 436 2071 Antonini
462 2031 569 2085 Imp.
591 2029 674 2070 filia
687 2058 699 2078 ,
736 2028 788 2070 de
812 2040 893 2085 qua

233 2087 365 2144 supra.
