1707 3029
181 100 253 161 95
361 81 908 164 'HERODIANJI
987 107 1481 158 HrsToRrAE

182 217 258 254 hoc
280 213 328 250 est
348 213 437 250 citra
459 214 696 263 sanguinem,
738 215 839 264 geffit
872 215 1093 263 imperium,
1125 231 1175 255 ne
1201 232 1277 256 vno
1307 222 1458 270 quidem
1485 225 1621 265 occiso.
1667 232 1677 243 “

182 264 288 300 Licet
308 264 408 298 enim
430 265 603 309 permulti
628 262 794 300 maximis
815 265 1030 301 criminibus
1049 267 1294 316 impegerint,
1322 282 1446 311 tamen
1472 277 1515 311 ab
1536 276 1622 312 5110..

184 325 265 350 rum
285 311 393 347 caede
410 311 549 359 semper
568 312 760 349 abstinuit:
788 314 889 361 quod
910 315 1039 360 vtique
1067 329 1143 352 non
1171 317 1284 354 facile
1301 324 1343 364 y)
1383 335 1400 358 a
1431 336 1621 371 quoquam

185 362 354 398 omnium
378 362 668 408 imperatorum,
695 362 826 409 quiqui
853 363 979 398 Marco
999 363 1250 409 successerint,
1279 369 1413 407 foetum
1449 374 1621 409 obserua-

121 409 164 442 16
185 422 338 458 tumque
358 411 538 446 inuenies.
585 410 785 446 Neminem
808 412 1001 460 quisquam
1021 414 1085 450 illo
1100 424 1165 461 per
1192 425 1246 451 tot
1271 430 1382 453 annos
1414 421 1620 467 imperante

183 471 472 496 commemorare
497 460 637 506 potest,
667 460 723 495 cui
750 473 851 495 mors
872 459 1087 498 indemnato
1109 462 1154 500 fit
1181 465 1289 500 illata.
1349 469 1506 505 Matrem
1527 481 1620 506 vero

183 510 294 545 etiarn
316 507 522 547 incusabat,
547 507 657 553 eique
677 508 838 557 grauiter
856 510 1101 553 succenlebat,
1133 513 1232 559 quod
1253 513 1321 550 esse
1342 517 1520 559 pecuniae
1539 518 1620 555 aui-

119 565 163 599 17
183 559 263 594 dior
296 569 332 593 et
362 569 478 603 opum
509 557 811 594 cumulandarum
840 557 1030 595 studiosior
1057 560 1262 597 videbatur.
1323 565 1469 600 Etenim
1500 578 1618 615 quum

181 607 368 643 simularet
391 606 476 642 ideo
495 605 532 641 se
550 606 737 641 thesauros
757 619 959 654 congerere
975 609 1194 649 Mammam,
1218 621 1259 646 vt
1278 611 1510 659 suppeditare
1528 616 1619 652 Ale-
1656 644 1659 649 ,

181 655 316 692 xandro
339 655 463 701 poll'et,
485 656 585 701 quod
611 654 639 690 is
659 654 768 692 facile
785 658 1090 706 abundanterque
1109 658 1177 694 suis
1200 659 1393 707 largiretur
1422 663 1619 708 militibus,-

117 709 158 742 18
181 703 351 753 proprios
373 704 475 740 domi
496 704 683 740 thesauros
703 706 906 742 extruebat.
960 707 1068 748 Quae
1089 720 1144 742 res
1173 707 1385 751 imperatori
1408 723 1535 748 notam
1557 713 1619 748 in-

179 754 312 791 famiae
330 753 476 794 attulit,
507 754 603 798 quod
628 751 694 789 illo
714 754 854 791 scilicet
880 754 1005 791 inuito
1037 767 1148 803 atque
1174 756 1459 806 indignabundo
1489 761 1617 804 etiam,

178 804 313 840 mulier
327 801 454 842 auida,
484 813 548 847 per
572 801 741 838 fraudem
764 803 862 840 bona
883 807 1114 851 quorundam
1136 817 1248 852 atque
1278 808 1502 845 hereditates
1535 810 1618 858 sup-

117 860 159 894 19
179 852 329 900 pilabat.
381 851 499 887 Dedit
518 850 605 885 item
629 849 706 885 filio
727 850 766 888 in
787 853 1063 889 matrimonium
1087 856 1244 900 puellam
1275 856 1416 903 patricii
1444 859 1592 905 generis
1607 872 1619 894 ι

178 914 310 948 quain,
338 901 448 936 etiam
468 900 600 934 marito
615 901 757 936 charam
782 913 995 952 gratamque
1020 902 1221 948 imprimis,
1248 906 1375 941 eadem
1401 908 1509 953 paulo
1537 905 1618 953 post

110 958 158 983 20
177 952 257 986 aula
284 962 346 996 per
364 961 512 985 omnem
532 950 795 985 contumeliam
818 952 951 999 exegit.
1004 952 1070 992 Et,
1094 963 1208 999 quum
1229 953 1305 999 ipsa
1325 964 1469 992 tantum
1491 955 1616 992 vocari

175 1000 319 1047 augusta
339 999 473 1037 vellet,
503 1010 657 1044 eamque
681 999 971 1045 appellationem
994 1001 1136 1047 puellae
1155 1000 1362 1045 inuideret,
1398 1017 1444 1040 eo
1477 1015 1616 1041 contu-

175 1048 368 1085 meliarum
383 1047 624 1094 prouestaesh
644 1057 684 1083 vt
703 1048 848 1095 puellae
869 1060 995 1094 pater,
1018 1051 1187 1097 quamuis
1217 1063 1372 1099 magnae
1399 1053 1495 1098 apud
1523 1054 1617 1091 Ale·-

174 1100 352 1134 xandrum
375 1108 554 1144 generum
576 1097 806 1138 autoritatis,
833 1096 1029 1144 impatiens
1042 1100 1509 1142 Mammaeaeiniuriarum.
1523 1114 1616 1149 quas

107 1154 152 1180 21
177 1145 237 1193 ipsi
268 1158 446 1193 nataeque
477 1146 681 1185 inferebat,
726 1146 946 1194 confugerit
978 1149 1016 1183 in
1043 1148 1177 1190 castra,
1223 1150 1373 1197 gratiam
1413 1151 1448 1186 se
1476 1151 1617 1188 babere

108 1204 153 1227 22
174 1197 388 1232 Alexandro
413 1194 588 1230 dif’titans
608 1194 727 1230 habiti
746 1195 807 1230 sibi
831 1195 1008 1231 honoris:
1036 1207 1222 1233 caeterum
1245 1199 1486 1235 Mammaeam
1507 1212 1615 1237 accu-

174 1247 276 1286 sans,
307 1245 401 1281 nihil
423 1256 499 1280 non
524 1244 776 1280 contumeliae
796 1244 1035 1281 inferentem.
1094 1249 1217 1294 Qare
1245 1245 1436 1295 indignata
1467 1249 1614 1290 mulier..

175 1292 337 1331 interfici
357 1306 441 1329 eum
464 1292 614 1341 quidem
636 1292 751 1335 iuffit,
793 1295 955 1341 puellam
983 1306 1071 1329 vero
1099 1293 1250 1331 aedibus
1275 1297 1524 1343 imperatoriis
1553 1310 1615 1335 ex-

108 1349 152 1386 23
175 1343 308 1385 affirm,
337 1344 376 1379 in
397 1343 556 1378 Africam
580 1342 768 1389 relegauit.
817 1344 917 1379 Haec
934 1354 1056 1386 autern
1076 1344 1201 1380 omnia
1220 1343 1360 1381 fiebant
1379 1345 1502 1382 inuito
1531 1358 1614 1382 coa-

174 1394 307 1439 stoque
339 1392 558 1430 Alexandro.
607 1391 745 1438 quippe
772 1392 825 1427 illi
853 1402 968 1428 mater
994 1392 1097 1439 supra
1119 1393 1270 1430 modum
1289 1393 1543 1440 imperitabat,
1571 1399 1624 1431 ac'

107 1449 154 1483 24
175 1440 273 1479 disso
293 1440 507 1476 audientem
525 1440 667 1485 semper
683 1440 858 1478 habebat:
885 1452 927 1477 vt
944 1442 1016 1477 hoc
1035 1453 1181 1478 tantum
1203 1444 1426 1488 reprehendi
1459 1443 1498 1479 in
1526 1443 1629 1481 Ale.-

172 1490 311 1527 xandro
342 1489 473 1537 possit.
520 1490 620 1536 quod
656 1490 940 1535 mansuetudine
968 1490 1105 1532 nimia,
1149 1502 1186 1527 et
1223 1493 1431 1529 reuerentia
1470 1493 1612 1530 maiore

147 1569 150 1574 ,
173 1552 283 1590 quam
304 1538 486 1589 oportuit,
515 1539 628 1576 etiam
641 1550 771 1577 contra
781 1539 895 1579 animi
905 1538 1193 1578 suisententiam
1207 1542 1313 1578 matri
1335 1541 1614 1591 obsequeretur,

865 1665 912 1703 11.
958 1688 961 1692 -

170 1732 295 1800 Igitur
313 1743 427 1780 quum
450 1732 494 1769 ad
516 1730 615 1767 hunc
635 1729 789 1766 modum
807 1732 849 1771 z)
877 1731 1056 1768 tredecim
1086 1743 1202 1769 annos
1239 1732 1358 1780 (quod
1385 1731 1538 1779 quidem
1564 1733 1612 1771 ad

128 1784 150 1810 2
222 1784 258 1820 se
281 1783 472 1828 attineret)
499 1779 574 1816 fine
596 1783 743 1826 querela
765 1779 977 1826 cuiusquam
1003 1782 1197 1828 imperium
1230 1783 1482 1830 gubernasset,
1521 1793 1612 1820 ecce

172 1833 241 1872 tibi
262 1832 357 1868 haud
376 1832 529 1879 opinato
556 1829 594 1873 a)
624 1828 749 1865 literae
768 1842 789 1866 e
810 1830 913 1877 Syria
932 1829 1273 1878 Mesopotamiaque
1286 1855 1297 1870 ,
1319 1831 1485 1868 redditae
1504 1844 1523 1867 a
1542 1831 1628 1868 du-·

130 1880 149 1919 3
174 1884 300 1919 cibus.
327 1881 366 1916 in
392 1880 525 1928 quibus
558 1878 732 1925 scriptum
763 1878 873 1915 effet:
926 1879 962 1925 b)
989 1883 1235 1916 Artaxerxem
1263 1879 1452 1929 Persarum
1480 1892 1611 1929 regem.

171 1931 321 1969 Parthis
341 1930 413 1965 iam
434 1929 581 1964 deuir‘lis
603 1938 708 1975 atque
724 1928 938 1968 Artabano,
974 1929 1007 1973 c)
1034 1928 1098 1976 qui
1125 1941 1191 1964 rex
1218 1941 1368 1977 magnus
1383 1929 1520 1978 primus
1545 1938 1611 1977 ap-

167 1983 322 2031 pellatus
340 1979 409 2029 est,
430 1979 624 2026 duplicique
643 1978 845 2013 diademate
871 1978 1064 2018 veebatur,
1096 1989 1163 2013 non
1175 1976 1284 2027 solum
1312 1978 1462 2014 orientis
1487 1989 1613 2027 regno.

126 2032 149 2065 4
161 2032 228 2081 sed
241 2033 320 2067 vita
339 2040 468 2078 quoque
490 2027 648 2073 expulso,
676 2025 842 2074 subigere
868 2027 1004 2062 vicinos
1030 2028 1225 2069 barbaros,
1262 2040 1304 2064 ac
1320 2027 1392 2072 fibi
1419 2029 1611 2074 veae‘ligales

162 2082 290 2127 facere
304 2094 316 2114 .-
350 2089 456 2124 neque
473 2077 657 2112 iamintra
667 2075 816 2125 fluuium
833 2074 971 2123 Tigrim
983 2085 1103 2111 tenere
1113 2075 1166 2125 se,
1186 2076 1254 2126 sed
1264 2075 1443 2128 superatis
1463 2077 1554 2124 ripis
1566 2089 1610 2112 ae

168 2128 458 2176 ananifinibus
477 2126 639 2166 imperii,
673 2116 864 2161 excurrere
884 2134 948 2167 per
979 2124 1288 2175 Mesopotamiam,
1323 2126 1514 2175 Syriaeque
1541 2125 1611 2161 ml·

126 2178 144 2215 5
171 2177 310 2217 nitari:
335 2188 530 2226 omnemque
549 2177 713 2226 Europae
741 2175 929 2226 oppcfitam
958 2175 1191 2213 continentem
1200 2200 1212 2218 ‚
1239 2188 1327 2225 quae
1352 2175 1450 2212 mari
1468 2177 1608 2223 Aegaeo

199 2319 243 2368 y)
273 2318 316 2354 ab
337 2316 411 2352 alio
432 2317 610 2363 quopiam
631 2329 775 2360 eorum,
795 2316 862 2366 qui
911 2315 1149 2365 sopotamiae,
1172 2315 1231 2351 vel
1243 2312 1513 2362 praefestorum
1523 2316 1603 2363 Syr.

162 2370 283 2408 nostra
305 2367 862 2413 aetateImperatoresfuerunt,
909 2385 946 2394 -
979 2365 1099 2413 Steph.

160 2419 295 2456 fartum
332 2416 564 2452 obseruatum
613 2428 659 2451 ve
694 2416 744 2452 est
780 2415 860 2464 post
958 2415 992 2461 h)
1019 2418 1248 2450 Areaxarem
1266 2409 1603 2461 habetGryph.ed.

159 2467 278 2507 Marci
305 2465 511 2510 imperium.
539 2465 630 2512 Sylb.
908 2474 946 2500 et
969 2463 1006 2498 in
1038 2473 1142 2499 textu
1163 2473 1203 2499 et
1231 2462 1270 2498 in
1298 2465 1441 2499 Annot.
1471 2475 1546 2500 mar
1571 2484 1604 2504 ..

208 2522 247 2562 z)
271 2514 446 2552 tredecim
488 2525 605 2549 annos
654 2513 726 2555 ita,
782 2512 858 2550 fine
906 2511 1038 2548 eodem
1065 2523 1138 2560 que
1193 2512 1306 2548 modo
1345 2512 1458 2561 etiam
1493 2511 1532 2547 in
1569 2522 1602 2549 a.

157 2566 301 2613 querela
319 2562 547 2609 cuiusquam,
577 2564 693 2608 (quod
712 2582 751 2592 ——
769 2563 855 2600 atti·
903 2562 996 2610 Sjylb.

156 2614 331 2657 nerent.)
360 2609 488 2658 imper.
515 2611 768 2657 gubernasset,
792 2611 852 2649 vel
951 2612 987 2653 c)
1011 2608 1074 2658 qui
1096 2608 1196 2656 prius
1225 2608 1301 2645 Rex
1318 2620 1473 2657 maguus
1491 2618 1604 2647 voce-

155 2663 207 2700 ita
228 2661 428 2709 inculpate.
458 2660 578 2708 steph.
906 2661 1023 2701 batur.
1049 2659 1152 2707 dupl.
1201 2658 1317 2709 Stepb.

203 2715 244 2760 a)
273 2710 420 2748 litterae
439 2709 575 2747 ducum
589 2707 712 2759 Syriae
725 2719 762 2748 et
776 2709 855 2747 Me·
