1748 3017
203 98 266 129 ιο
404 78 909 130 HERODIANI

985 79 1466 125 HISTORIAE

198 205 304 244 cepta
323 194 458 231 iniuria
484 193 694 242 conquesta,
723 189 899 240 paulatim
919 189 1186 228 adolescentem
1205 203 1251 226 eo
1271 187 1447 236 perpulit,
1465 188 1559 226 vtin
1577 188 1632 227 se-

131 261 176 288 ιι
199 258 278 283 met
296 244 584 292 vniuersumque
603 245 767 279 senatum
788 238 1082 285 perniciosiffime
1105 239 1322 275 consuleret.
1358 237 1508 286 Qippe
1532 238 1631 282 inter

198 305 365 332 caeteros
384 293 556 329 senatorii
575 291 716 328 ordinis
732 290 938 339 primarios,
965 289 1030 336 qui
1052 287 1172 325 secum
1203 287 1241 324 in
1263 288 1300 323 id
1319 285 1464 324 facinus
1485 286 1632 335 co'nspi-

195 354 340 383 rarent,
368 342 478 378 etiam
508 341 777 377 adolescentem
803 337 986 384 quendam
1009 338 1255 384 Qintianum
1284 335 1462 379 nomine,
1489 337 1576 385 (qui
1595 345 1632 374 ee

197 392 269 443 ipse
295 392 430 428 ordinis
458 391 552 426 illius
572 392 676 437 erat)
711 385 846 435 promti
876 397 989 434 atque
1015 386 1157 422 audacis
1187 385 1323 426 animi,
1350 383 1412 420 fibi
1439 385 1632 423 adiunxit:

198 440 518 490 persuasitque,vti
531 439 730 487 pugionem
749 437 787 472 in
807 435 885 471 finu
906 435 1040 477 celans,
1054 437 1242 483 tempusl)
1262 436 1459 481 locumque
1470 444 1631 482 caperet,

198 491 372 538 fauoque
391 499 542 535 repente
563 487 707 534 impetu
729 483 975 522 Commodum
999 484 1210 521 occideret:
1242 482 1382 532 reliqua
1407 483 1443 520 se
1461 481 1635 532 pecuniis

133 551 178 576 12
199 537 395 587 largiendis
416 548 640 573 curaturum.
688 535 754 571 Ille
777 534 816 570 in
836 533 939 570 aditu
966 533 1226 580 amphitheatri
1248 533 1434 568 sublistens
1462 533 1633 580 (quippe

199 589 354 625 obscuro
380 588 463 621 loco
483 584 592 621 facile
622 585 658 622 se
677 584 864 622 occultum
892 583 1055 630 sperabat
1074 583 1169 624 fore)
1193 584 1249 628 m)
1277 581 1419 618 nudato
1440 581 1634 619 confestim

199 636 378 686 pugione,
402 647 441 670 ac
461 646 588 683 magna
614 646 704 670 voce
728 631 971 679 proclamans,
997 632 1108 669 Hunc
1128 631 1194 669 tibi
1216 632 1362 668 senatus
1375 630 1492 668 mittit
1503 646 1527 667 ε,
1540 630 1632 669 dum

197 686 366 732 loquitur
395 683 610 730 nudumque
639 682 796 718 ostentat
822 680 1047 728 pugionem,
1077 680 1362 728 comprehensus
1391 692 1410 715 a
1437 679 1633 722 militibus,

132 748 175 786 13
201 747 335 784 poenas
353 733 534 769 amentiae
554 731 669 772 dedit,
694 731 832 777 suoque
848 728 991 765 iudicio
1006 741 1116 767 ,autor
1137 743 1153 766 a
1175 730 1210 766 se
1229 729 1382 766 cauendi
1405 727 1491 772 fuit,
1504 740 1632 777 aperto

133 801 178 834 ¹4
200 783 310 832 magis
341 794 448 828 quam
479 780 632 828 impleto
662 777 826 816 confilio.
878 779 981 814 Haec
1009 777 1124 828 igitur
1151 779 1264 826 prima
1293 778 1523 826 maximaque
1552 777 1635 816 odii

131 849 177 882 ¹5
200 833 302 868 causa
320 831 545 867 adolescenti
566 828 732 866 aduersus
753 827 916 863 senatum
937 827 1075 865 extitit.
1127 830 1179 866 lta
1195 840 1353 876 namque
1365 827 1528 864 animum
1552 841 1634 864 ver-

201 882 244 918 ba
265 881 324 916 illa
345 880 553 920 lauciarant,
574 881 611 925 n)
631 889 671 914 vt
691 889 821 913 omnes
844 875 1002 912 hostium
1019 877 1104 913 loco
1123 878 1288 918 haberet,
1314 877 1533 926 semperque
1551 875 1634 915 eius

131 935 177 968 16
200 930 397 966 memoriae
425 941 495 965 vox
524 927 583 963 illa
621 926 794 965 irruentis
822 925 861 962 in
889 925 926 962 se
950 925 1098 962 iuuenis
1126 927 1346 963 inhaereret.

1404 928 1540 975 Neque
1566 939 1634 963 ve-

199 992 240 1015 ro
261 979 502 1015 tantan-ahane
529 975 759 1011 occasionem
775 973 960 1011 Perennio
980 974 1113 1018 omifit,
1132 975 1194 1012 sed
1214 977 1246 1011 ei
1271 974 1457 1022 persuasit,
1477 987 1518 1013 ut
1531 988 1633 1024 prae-

198 1027 348 1074 cipuum
375 1038 558 1072 quemque
582 1023 807 1064 succideret,
843 1035 967 1071 neque
994 1024 1158 1061 eminere
1178 1023 1391 1072 quempiam
1421 1036 1633 1073 pateretur:

197 1088 352 1124 quorum
375 1075 451 1121 ipse
470 1075 507 1110 in
522 1074 810 1120 bonaimpeturn
826 1072 978 1114 faciens,
1003 1072 1112 1110 facile
1129 1073 1299 1110 omnium
1317 1075 1395 1110 eius
1413 1074 1543 1112 aetatis
1563 1075 1637 1114 ho,

132 1143 176 1176 ¹7
197 1123 338 1161 minum
359 1123 656 1170 locupletiffimus
674 1121 796 1157 euasit.
847 1121 1092 1162 Quaestiones
1119 1134 1242 1159 autem
1265 1124 1449 1160 l'erennio
1469 1123 1636 1173 diligen-

198 1185 255 1211 ter
273 1183 479 1228 exercente²
498 1174 531 1216 c)
563 1172 664 1208 soror
684 1171 759 1216 ipsa
779 1169 992 1212 Commodi,
1014 1170 1273 1218 coniuratique
1293 1184 1424 1208 omnes
1437 1198 1448 1213 ‚
1469 1170 1634 1210 'caeteri-

196 1234 272 1271 que
291 1233 476 1271 praeterea
489 1221 816 1270 quantulacunque
828 1219 1035 1268 suspicione
1052 1219 1190 1263 attasti,
1205 1220 1387 1269 supplicio
1399 1220 1516 1259 affef’ti
1533 1222 1636 1260 sunt.

198 1403 327 1471 Igitur
345 1400 534 1444 Perennis,
558 1401 709 1439 sublatis
730 1415 750 1438 e
770 1400 892 1438 medio
922 1402 1237 1449 quos'imperator
1251 1404 1291 1452 p)
1311 1403 1521 1445 verebatur,
1550 1403 1636 1450 qui·

250 1466 323 1501 que
343 1454 449 1490 illum
480 1464 632 1499 paterno
651 1453 813 1499 quodam
833 1450 964 1488 affef’tu
985 1452 1336 1498 complestebantur‚
1363 1455 1401 1501 q)
1424 1463 1534 1501 atque
1555 1453 1634 1499 ipse

201 1503 299 1540 illius
323 1501 482 1538 tuendae
501 1501 626 1537 salutis
646 1512 730 1536 cura
748 1500 923 1547 suscepta,
949 1500 1120 1548 nihilque
1139 1514 1216 1536 non
1238 1502 1444 1539 autoritatis
1464 1504 1635 1551 adeptus,

159 1566 180 1590 2
201 1551 393 1598 imperium
416 1551 485 1586 iam
505 1549 617 1596 ipsum
629 1549 752 1585 animo
773 1549 976 1586 inuaserat:
999 1550 1243 1596 persuasoque
1256 1551 1478 1592 Commodo,
1491 1563 1530 1588 vt
1549 1551 1634 1588 suos

201 1601 352 1641 liberos,
380 1599 628 1635 adolescentes
649 1599 779 1640 adhuc,
802 1598 957 1645 lllyricis
979 1597 1192 1645 praeficeret
1212 1600 1448 1641 exercitibus,
1471 1600 1548 1648 ipse
1569 1613 1635 1648 pe-

201 1649 330 1686 cuniae
360 1647 433 1684 vim
463 1649 651 1697 ingentem
680 1648 940 1688 contrahebat,
973 1659 1014 1684 vt
1041 1647 1181 1683 scilicet
1207 1650 1461 1694 praetorianos
1488 1649 1633 1696 abipso

160 1708 179 1746 3
202 1697 424 1744 amplissimis
445 1696 699 1746 largitionibus
728 1696 957 1733 abalienaret.
1011 1696 1172 1744 Filiique
1195 1696 1284 1733 item
1314 1699 1394 1735 eius
1421 1698 1633 1736 clanculum

200 1747 327 1794 copias
347 1746 582 1793 colligebant,
606 1758 649 1780 eo
670 1745 835 1786 confluo,
860 1756 913 1787 vt,
931 1758 1045 1793 quum
1068 1746 1229 1793 primum
1249 1747 1425 1783 Perennis
1452 1749 1634 1785 Commo-

157 1810 179 1843 4
199 1796 287 1833 dum
307 1795 506 1838 occidiss'et,
531 1794 590 1843 ipsi
611 1794 858 1843 principatum
875 1795 1088 1844 arriperent.
1133 1795 1307 1833 Proditae
1325 1808 1450 1834 autem
1471 1797 1556 1834 sunt
1574 1796 1633 1834 in-

195 1910 410 1958 conqucsta:
445 1910 469 1948 si
501 1910 675 1948 scribatur
701 1913 887 1958 προεδρίας.

195 1962 311 2008 Steph.

241 2012 278 2058 l)
307 2009 424 2057 loc.q.
439 2008 665 2054 caperet,ubi
687 2006 723 2044 iu
740 2010 885 2045 Comm.

193 2058 351 2100 irruens,
373 2070 456 2094 eum
479 2058 672 2093 occideret.
693 2059 810 2105 Steph.

238 2110 287 2152 m)
306 2108 448 2142 nudans
463 2119 534 2152 que
554 2106 765 2155 pugionem,
780 2120 818 2142 ac
833 2120 884 2144 re.

194 2167 310 2204 pente
358 2155 568 2192 Commodo
611 2156 887 2201 superveniens,

223 2217 310 2241 uum
347 2215 473 2250 magna
504 2217 594 2240 voce
626 2205 884 2249 proclamasset,

194 2217 231 2290 Pe
253 2253 422 2289 advcrlus
451 2265 534 2288 eum
551 2266 569 2287 a
599 2252 722 2290 senatu
745 2254 884 2290 millum

196 2302 277 2341 effe.
304 2314 344 2336 ac
370 2313 445 2336 nou
470 2303 588 2345 prius,
613 2313 718 2347 quam
747 2303 794 2338 ita
826 2317 885 2340 ex-

195 2351 371 2391 clamarit,
399 2363 480 2384 cum
512 2350 682 2386 feriisset:
713 2351 771 2389 sed
796 2352 883 2388 dum

195 2401 234 2435 in
280 2399 510 2445 prosc-rendi<
547 2399 643 2435 hisce
689 2402 805 2437 verbis
847 2411 885 2437 ct

195 2448 426 2484 ostend-:mlo
453 2447 612 2493 pugione
634 2460 780 2496 tempus
799 2463 886 2486 cou-

194 2497 317 2535 sumit,
348 2497 629 2542 comprehensus
658 2499 699 2532 ab
729 2501 812 2544 lmp.
832 2499 887 2536 sa-

195 2546 378 2581 tellitibus
407 2545 511 2586 «Ποῖ,
541 2558 676 2590 poenas
708 2548 887 2585 amentiae

199 2593 319 2631 dedit:
341 2594 477 2640 quippe
498 2594 573 2640 qui,
592 2595 691 2640 quod
715 2596 889 2633 delibera-

200 2652 279 2679 tum
335 2653 432 2687 erat,
485 2643 709 2692 praediceret
754 2647 890 2694 potius,

939 1925 1046 1958 quam
1067 1912 1346 1960 exsequeretur;
1367 1914 1528 1951 efficeret
1545 1926 1633 1962 que,

937 1974 981 1999 ut
1002 1962 1073 2010 ipse
1097 1963 1245 2009 quidem
1274 1964 1554 2012 praecognitus,
1580 1975 1636 1998 ca-

939 2011 1184 2057 peremnille
1207 2024 1330 2057 autem
1351 2012 1547 2059 praescius,
1575 2012 1636 2048 vel

936 2059 1215 2106 praemonitus,
1241 2060 1305 2098 fibi
1333 2072 1492 2099 caveret.
1531 2063 1637 2099 Haec

936 2110 1000 2146 rel.
1027 2110 1144 2159 Steph.

985 2177 1025 2216 n)
1060 2186 1103 2211 ut
1131 2188 1351 2213 communes
1377 2176 1498 2213 hostes
1517 2173 1635 2212 existi-

935 2235 1051 2261 maret
1072 2237 1215 2261 omnes.
1242 2227 1358 2275 Stepb.

983 2291 1025 2335 o)
1050 2290 1280 2326 Commodus
1320 2288 1413 2325 nulli
1455 2290 1634 2338 pepercit,

933 2338 995 2374 sed
1013 2349 1093 2373 tum
1120 2339 1214 2376 suam
1235 2337 1343 2384 ipsius
1362 2338 1535 2381 sororem,
1553 2351 1635 2376 tum

936 2399 1079 2428 omnes,
1099 2387 1163 2434 qui
1177 2388 1234 2423 vel
1258 2387 1553 2436 coniurauerant,
1574 2390 1634 2425 vel

937 2436 1265 2484 quantulacunque
1279 2436 1369 2482 susp.
1382 2437 1504 2474 attaffl
1517 2449 1632 2480 erant,

935 2494 1058 2521 morte
1079 2484 1282 2521 mulflmuit.
1309 2487 1423 2533 Stepb.

984 2537 1025 2582 p)
1050 2535 1292 2571 reuerebatur.
1323 2535 1440 2584 Steph.

985 2600 1033 2648 q)
1056 2610 1096 2634 ac
1127 2597 1249 2636 salutis
1276 2598 1354 2639 eius
1382 2613 1505 2640 curam
1532 2612 1635 2650 gere·

939 2649 1037 2688 baut.
1065 2649 1207 2687 Memm.

1744 1907 1748 2070 ῐ

1736 2138 1748 2248 ,ψ
