1707 3029
183 166 202 198 1
216 164 245 210 4
256 165 284 213 4
331 154 402 199 IN
411 154 761 200 HERODIANI
772 153 1042 200 MARCVM
1055 155 1139 200 ET
1161 153 1540 203 COMMODVM

173 270 284 318 quit,
310 272 406 320 apud
420 270 671 318 Athenienses.-
691 269 759 318 sed
780 267 924 315 victffi'm
951 269 1183 320 Athenienses
1212 272 1374 308 Barbari
1397 272 1485 321 sunt
1515 273 1612 320 apud

176 320 336 366 Scythas.
388 320 578 355 Praeterea
597 318 805 365 antiquitus
827 320 1062 356 Barbarorum
1081 333 1220 356 nomen
1242 323 1389 368 proprie
1411 323 1457 356 de
1488 323 1606 369 Phry-

174 367 282 417 gibus
300 367 568 414 accipiebatur,
598 380 639 404 vt
664 368 762 415 apud
786 367 918 403 Horat.
949 369 1101 404 Graecia
1126 370 1327 406 Barbart'ae
1355 371 1450 406 lento
1485 369 1605 418 collisa

175 418 301 454 duello.
353 428 390 453 et
412 417 616 464 Sophocles
634 417 672 451 in
693 417 808 463 Ajace
830 417 1009 465 Phrygem
1029 429 1157 458 vocat,
1183 415 1351 465 aclea-ago»
1371 417 1497 463 φρύγα.
1521 420 1606 454 Ho-

173 466 238 503 die
258 479 370 507 vero,
396 477 435 501 vt
455 477 493 501 et
510 465 622 507 olim,
649 465 767 501 nostra
787 465 924 512 lingua,
953 468 1102 513 quando
1122 466 1278 503 dicimus
1302 469 1516 510 Barbarum,
1544 467 1605 503 in-

173 514 586 563 telligimus'hominem
608 514 653 551 ab
675 512 777 549 omni
800 514 1051 557 humanitate,
1091 526 1130 551 et
1149 516 1286 551 virtute
1312 515 1498 556 alienum,
1544 515 1606 552 fe-

170 575 277 606 rum,
311 566 511 604 latronem,
539 575 610 609 qua
641 563 787 599 tandem
818 575 966 611 cunque
997 575 1169 600 terrarum
1203 576 1306 611 parte
1327 564 1385 599 vel
1407 575 1519 612 gente
1540 564 1607 600 de-

142 619 145 620 ’
173 623 249 662 gat.
303 613 414 652 Dixi.
439 623 478 647 vt
497 611 609 652 olim,
636 623 764 647 vocem
783 611 875 647 hanc
891 612 1062 659 vsurpari.
1116 613 1225 659 Qod
1247 613 1424 659 colligere
1450 613 1540 649 licet
1560 625 1607 648 ex

171 662 283 709 Apul.
302 661 418 697 Miles.
449 661 511 696 lib.
533 670 564 706 3.
614 659 677 696 vbi
703 659 795 696 dicit
822 659 958 696 infidiis
984 664 1169 698 latronum
1199 662 1411 708 impetitus:
1462 666 1514 698 At
1550 661 1608 697 illi

171 712 334 748 Barbari
358 709 499 759 prorsus
514 718 549 744 et
563 710 732 744 immanes
749 710 912 750 homines,
925 722 1032 757 neque
1040 713 1171 760 fugam
1182 710 1369 759 cap-efflant,
1385 707 1609 759 fi‘daudact'-

169 771 232 797 ter
250 760 419 809 resistunt.
479 757 708 795 Manifestius
737 757 987 795 testimonium
1019 761 1066 795 de
1094 760 1304 796 Alexandro
1332 761 1499 806 Magno,
1540 758 1605 805 qui

170 821 257 845 cum
277 823 294 844 a
319 819 556 856 praeceptore
588 807 782 844 Aristotele
809 809 1091 849 admoneretur,
1115 820 1155 844 vt
1183 808 1333 844 Graecis
1361 808 1398 844 se
1430 820 1606 855 tanquam

169 856 380 905 principem
394 881 403 896 ‚
435 856 591 894 barbaris
609 868 649 892 vt
667 856 858 892 dominum
880 856 1090 902 praeberet,
1124 857 1337 904 respondit,
1372 856 1407 892 se
1428 858 1603 893 Graecum

168 908 331 948 virtute,
370 906 570 941 Barbarum
599 905 794 950 vitiositate
823 905 943 941 metiri
975 905 1089 947 velle,
1120 907 1209 942 teste
1238 906 1418 941 Plutarch.
1457 918 1549 942 orat.
1575 908 1604 943 1.

169 955 217 991 de
243 958 343 991 Fort.
366 956 471 990 Alex.
490 967 526 990 et
548 953 779 991 Straboni-sin
799 953 875 989 fine
894 953 957 990 lib.
978 956 1004 989 l.
1056 954 1110 990 Vt
1129 966 1250 990 autem
1273 955 1424 1002 propius
1444 955 1486 990 ad
1507 953 1608 990 insti-

168 1016 293 1041 tutum
317 1004 479 1039 nostrum
498 1004 734 1044 accedamus..
763 1004 986 1042 notandum.
1011 1003 1197 1039 Romanos
1219 1016 1349 1039 omnes
1368 1004 1506 1040 vocasse
1525 1005 1609 1040 Bar-

167 1053 296 1094 baros,
324 1064 417 1100 quos
440 1053 662 1088 deuicerunt
677 1063 716 1088 et
738 1051 1002 1100 subiugarunt‚
1040 1053 1097 1088 vel
1117 1052 1230 1088 etiam
1261 1063 1422 1100 quorum
1451 1051 1601 1099 prouin-

165 1103 240 1140 cias
259 1100 441 1138 adierunt.
491 1100 645 1138 illustrat
665 1113 704 1138 et
724 1101 856 1149 probat
876 1101 948 1136 hoc
969 1102 1081 1137 Mart.
1109 1100 1189 1137 libr.
1218 1111 1271 1146 13.
1303 1101 1425 1150 Epigr.
1445 1106 1504 1144 68.

391 1149 529 1198 Ansere
555 1152 703 1186 Romano
726 1150 885 1198 quamuis
909 1149 1016 1198 satur
1041 1150 1225 1186 Hannibal
1255 1149 1347 1198 fft,

397 1199 471 1249 Ipse
494 1198 575 1248 suas
603 1212 778 1248 nunquam
803 1199 988 1235 Barbarus
1009 1199 1083 1235 edit
1104 1211 1198 1235 aues.
1441 1232 1443 1234 .

287 1249 552 1295 Imperatorum
572 1261 659 1283 vero
681 1248 913 1294 temporibus
940 1248 1113 1294 peculiari
1134 1246 1292 1284 nomine
1312 1248 1518 1284 Germanos
1537 1260 1604 1285 νο.

165 1311 299 1337 carunt
319 1299 504 1334 Barbaros.
555 1297 668 1344 Qod
687 1295 904 1333 testimoniis
924 1295 1050 1340 petitis
1069 1309 1113 1331 ex
1132 1299 1227 1344 Aug.
1252 1296 1602 1343 Hist.Scriptoribus

165 1347 413 1386 manifestum.
466 1346 596 1383 Noster
614 1356 737 1382 autem
758 1345 886 1381 multis
908 1345 945 1380 in
966 1345 1055 1381 locis
1080 1346 1100 1378 l.
1121 1358 1149 1380 ι.
1178 1343 1371 1382 Commod.
1393 1347 1430 1381 in
1453 1356 1543 1383 orat.
1554 1345 1600 1381 ad

166 1397 309 1434 milites
332 1395 374 1431 'to‘
397 1400 432 1434 δὲ
450 1392 619 1442 βάρβαρον
637 1408 675 1431 et
694 1408 725 1431 c.
776 1395 945 1431 Barbara
958 1407 1048 1442 gens
1066 1394 1172 1430 initio
1192 1395 1273 1430 noui
1289 1395 1515 1442 principatus
1541 1407 1603 1429 re-

163 1445 302 1495 prff,
328 1456 395 1480 non
413 1446 553 1480 audebit
564 1443 637 1492 sese
655 1444 799 1494 efferre.
852 1451 896 1480 Et
929 1443 1061 1479 eodem
1083 1444 1165 1479 libr.
1212 1445 1375 1479 Barbara
1399 1457 1489 1491 gens
1516 1454 1604 1490 qua-

167 1497 227 1532 vis
248 1494 554 1540 occafionegfacile
580 1503 750 1529 mouetur.
817 1493 961 1539 Qibus
991 1493 1030 1527 in
1060 1491 1152 1528 locis
1181 1491 1359 1540 intelligit
1385 1495 1604 1532 Germanos,

167 1556 262 1592 quos
285 1554 414 1578 omnes
433 1543 599 1578 nondum
619 1542 809 1589 subegerat
828 1543 1027 1589 imperator
1040 1541 1196 1582 Marcus,
1226 1541 1364 1587 quique
1385 1545 1486 1577 metu
1499 1540 1602 1586 prin—

168 1593 261 1639 cipis
281 1592 319 1627 in
352 1592 520 1638 praesens
549 1590 866 1632 continebantur,
905 1603 945 1626 vt
982 1589 1151 1637 loquitur
1179 1589 1267 1625 alibi
1290 1592 1410 1625 noster
1431 1588 1597 1634 scriptor.

168 1641 315 1688 Qibus
335 1642 426 1677 adde
446 1639 592 1685 Vopisc.
616 1641 836 1688 J‘entiendum
856 1639 937 1688 effi,
971 1639 1086 1679 dicit,
1127 1652 1196 1674 non
1224 1640 1431 1681 videndum,
1465 1639 1602 1686 quoties

165 1690 407 1728 auxiliaribus
427 1690 601 1726 Barbaris
622 1690 796 1725 Romanus
812 1690 911 1724 miles
926 1687 1092 1734 iuuatur.
1148 1686 1190 1722 ld
1217 1687 1268 1724 est
1297 1687 1476 1724 militibus
1504 1687 1602 1723 Ger·

165 1740 338 1777 manicis.
367 1739 429 1785 qui
450 1738 707 1774 confoederati
729 1751 770 1774 ac
794 1737 879 1774 socii
909 1737 1037 1784 populi
1065 1734 1224 1773 Romani
1253 1737 1371 1773 vocati
1399 1735 1598 1784 saepiffime

165 1789 265 1837 apud
285 1787 405 1824 Tacit.
435 1788 613 1834 aliosque.

290 1839 318 1878 Ι,
337 1849 366 1877 1,
379 1851 413 1881 9·
467 1838 593 1879 Κομιδῆ
613 1842 696 1877 νέοι,
729 1831 959 1884 ἑᾳθυμὸμεςον
991 1831 1190 1881 βώσαντες)
1226 1836 1341 1870 Senes
1367 1834 1481 1881 longo
1519 1832 1598 1875 vsu,

165 1885 418 1934 experientia,
442 1898 482 1922 ac
501 1885 780 1926 exercitatione,
807 1884 1006 1920 formatum
1021 1885 1157 1920 habent
1177 1883 1315 1929 pestus,
1340 1880 1423 1917 satis
1435 1881 1600 1919 validum

166 1937 212 1972 ad
236 1935 391 1982 reipubl.
411 1934 777 1971 administrationem.
839 1935 966 1969 Eorum
992 1943 1094 1969 aetas
1120 1933 1298 1981 apposita,
1332 1931 1524 1979 peridonea
1540 1932 1599 1967 ho-

165 1983 294 2033 nestis,
319 1984 616 2032 lauclabilibusque
633 1983 848 2024 aHionibus‚
885 1984 1048 2029 reHaque
1075 1995 1098 2017 a
1123 1982 1264 2018 ratione
1293 1981 1519 2028 tetttperatt's..
1560 1989 1597 2018 et

164 2046 314 2084 quarum
334 2035 430 2069 ratio
439 2034 493 2080 sit
517 2032 704 2081 magistra,
726 2035 798 2067 dux
817 2044 902 2067 vero
920 2031 1123 2078 prudentia.
1185 2029 1327 2066 lonian.
1346 2031 1455 2065 l’ont.
1485 2029 1547 2068 lib..
1568 2031 1597 2067 Ι.

165 2084 215 2119 de
238 2085 340 2126 prud.
391 2082 632 2130 Adulescentes
649 2093 734 2117 vero
755 2080 1156 2130 inhonestas-‚sequuntur
1174 2081 1374 2127 plerumque
1386 2081 1598 2126 voluptates,

193 2133 289 2167 uibus
305 2132 403 2179 capti
420 2132 588 2179 regendos
602 2130 671 2179 sese
697 2131 912 2179 permittunt
942 2131 1104 2177 turpibus
1123 2127 1388 2176 cupiditatibus.
1454 2126 1598 2164 Iouian.

165 2146 232 2216 iib.
256 2184 279 2215 l.
308 2182 351 2217 de
375 2182 481 2229 prud.
537 2180 594 2216 Ad
610 2180 756 2216 virtutis
776 2179 954 2219 studium,
982 2177 1196 2226 probitatis,
1225 2175 1418 2212 honestatis
1448 2187 1527 2212 non
1545 2175 1599 2211 fa-

167 2230 238 2265 cile
258 2228 461 2272 inclinant,
514 2238 645 2275 vtpote
672 2228 1001 2269 laboriofiffimum,
1044 2227 1104 2264 sed
1133 2239 1238 2274 quam
1265 2224 1440 2277 facillime
1465 2236 1595 2260 eorum

165 2277 315 2325 ingenia
336 2291 352 2313 a
373 2281 466 2314 rebla
484 2278 674 2324 disciplina
695 2278 738 2313 ad
760 2279 885 2314 luxum
916 2277 1138 2313 dilabuntur.
1201 2273 1371 2310 Molliter
1399 2283 1436 2307 et
1466 2272 1591 2308 indul-

135 2340 138 2345 ·
166 2338 293 2376 genter
316 2327 428 2363 habiti
448 2328 549 2363 vanis
573 2326 853 2374 oble-&amentis
871 2337 1014 2370 tempus
1036 2323 1259 2369 transigunt,
1288 2319 1423 2356 insueti
1443 2319 1589 2366 imperii

166 2387 273 2411 curae
301 2389 340 2410 ac
363 2375 677 2412 administrationi.
728 2377 807 2411 Non
825 2377 936 2410 aliter
956 2386 1059 2421 quam
1085 2373 1219 2421 equinis
1247 2369 1355 2418 pullis
1382 2371 1590 2406 vacationes

165 2438 190 2460 a
213 2426 368 2460 ferendis
387 2427 544 2460 oneribus
561 2428 817 2464 conceduntur,
839 2425 932 2471 quod
949 2423 1097 2457 nondum
1114 2433 1229 2457 eorum
1261 2428 1387 2473 corpu-s
1399 2419 1453 2464 fit
1490 2419 1592 2455 deue-

165 2473 286 2509 [vendis
307 2475 351 2507 iis
364 2472 457 2520 satis
479 2475 655 2509 idoneum:
682 2474 729 2509 ita
747 2472 1042 2509 adolescentibus
1063 2482 1215 2516 propter
1238 2468 1434 2503 mollitiem
1453 2479 1588 2512 corpo-

164 2523 213 2559 ris
241 2532 280 2555 ac
308 2522 597 2559 teneritudinem
622 2522 767 2559 cessatio
793 2523 835 2556 ab
854 2520 997 2568 agendo
1023 2518 1261 2559 conceditur,
1292 2527 1404 2564 'quae
1429 2514 1588 2570 arimini·

165 2571 305 2607 stratori
328 2570 548 2614 reipublicae
568 2572 708 2618 turpie,
746 2570 808 2606 nili
841 2570 974 2615 spectet
1001 2567 1112 2604 animi
1146 2566 1408 2603 relaxationem
1435 2565 1589 2600 virium-

165 2633 237 2668 que
285 2619 594 2660 criminationem,
622 2634 695 2668 quo
715 2620 793 2666 post
811 2618 1034 2654 valentiores
1051 2618 1204 2652 redeant
1232 2616 1274 2651 ad
1305 2615 1454 2660 pulchra
1482 2624 1521 2650 et
1547 2612 1586 2669 se

165 2669 276 2717 digna
297 2681 445 2704 munera
467 2670 650 2705 obeunda.
704 2668 813 2705 Vnde
825 2667 999 2706 Tiberius
1020 2676 1214 2712 praecepto
1237 2662 1391 2710 insigni»
1419 2672 1587 2710 quamtus

166 2717 227 2756 ille
245 2717 453 2757 inuidiose.
481 2729 608 2756 monet
627 2718 811 2756 senatum:
861 2729 904 2755 ne
918 2716 996 2766 quis
1013 2715 1152 2753 mobiles
1169 2711 1430 2763 addest-entium
1439 2711 1587 2755 animos,
