1707 3029
129 1298 172 1332 15
192 1295 388 1333 trucidant.

130 1543 175 1576 Ῑ7
194 1542 289 1577 rium
312 1539 555 1587 compulisset.

131 1590 175 1622 ¹8
195 1589 395 1637 clausisque
420 1590 537 1635 portis
556 1588 673 1637 quieti
695 1591 892 1638 agitabant.

186 165 286 208 134

426 139 736 200 HEROD.
790 151 1010 201 HIsT.
1076 151 1326 199 LIBER
1369 151 1485 201 vm.

144 275 165 309 9
187 270 330 306 animos
352 269 558 307 faciebant:
585 280 785 316 vtrumque
808 279 932 305 tamen
957 268 1103 314 patritia
1133 268 1331 311 nobilitas,
1368 280 1406 306 et
1433 276 1615 316 quantum

187 320 271 356 satis
293 319 400 360 esset,
424 319 558 355 illustre
578 331 695 367 genus
709 343 718 356 .
742 317 786 352 ad
805 317 984 354 summum
1007 318 1200 364 imperium
1221 318 1463 354 stimulabant.

125 374 169 399 10
188 381 243 404 res
267 369 588 414 imprimislambos
613 366 785 412 perdidit.

1512 319 1618 364 Qae

835 379 916 402 nam
936 366 1063 402 audito
1086 366 1268 404 Maximus
1286 367 1421 404 venisse
1440 366 1484 402 ad
1508 366 1543 403 se
1555 379 1620 402 oc·

188 418 387 454 cidendum
411 417 569 457 milites,
597 416 655 463 qui
686 414 908 461 praetoriani
929 417 1183 461 appellantur,
1208 415 1378 452 arcessere
1397 416 1514 452 statim
1526 417 1619 452 Ger-

187 479 316 504 manos
335 467 525 502 auxiliares
545 465 734 504 statuerat,
758 462 822 511 qui
840 463 978 501 scilicet
1006 464 1045 500 in
1066 467 1154 500 vrbe
1181 465 1255 509 ipsa
1288 476 1410 506 erant,
1448 477 1488 499 ac
1519 463 1619 511 posse

125 522 166 547 11
188 515 344 552 resistere
368 512 611 561 praetorianis
630 512 873 549 videbantur:
902 523 940 549 at
963 513 1134 550 Balbinus
1158 513 1286 549 dolum
1309 525 1440 549 contra
1461 512 1496 549 se
1515 526 1621 549 com-

189 564 415 613 positamque
435 563 588 608 aliquam
610 561 812 607 suspefians
836 562 1022 603 fraudem,
1045 563 1146 610 quod
1171 563 1310 598 studere
1340 563 1501 598 Maximo
1526 563 1623 598 Ger-

191 625 317 650 manos
340 622 587 659 cognouerat,
614 608 806 656 prohibuit
847 611 954 647 acciri
987 610 1094 646 illos:
1128 623 1265 660 negans
1294 611 1337 646 ad
1366 610 1624 658 prohibendos

189 660 500 708 repellendosque
521 658 774 705 praetorianos
795 658 1021 701 conuocari,
1049 661 1110 696 sed
1133 661 1168 697 id
1189 660 1258 708 agi,
1279 670 1320 696 vt
1332 660 1467 696 summa
1498 671 1624 696 rerum

128 717 171 743 12
191 712 288 749 solus
312 711 351 746 M
366 722 382 744 a
398 709 438 745 xi
455 720 547 744 mus
568 708 741 754 potiatur.
758 737 762 741 t
800 710 856 744 Ac
875 711 960 746 dum
982 708 1079 745 inter
1100 709 1134 745 se
1153 711 1196 746 ad
1214 710 1313 744 hunc
1332 710 1484 745 modum
1513 708 1626 746 disce·

193 770 300 808 ptant
315 785 325 801 ,
352 771 437 793 ecce
456 758 520 793 tibi
541 755 766 793 vnanimiter
789 758 946 799 milites.
973 759 1115 804 impetu
1138 758 1176 795 in
1197 758 1312 794 aulam
1334 757 1452 796 facto,
1480 758 1522 804 s)
1549 767 1629 793 tur-

129 814 170 852 13
193 811 285 845 batis
309 809 497 843 ianuarum
519 806 750 845 custodibus,
771 806 896 843 senem
919 808 1128 854 corripiunt
1146 818 1358 853 Vtrumque,
1388 806 1631 849 laceratisque

190 858 348 894 vestibus
371 868 460 901 quas
478 857 667 903 gerebant,
691 855 885 892 vilioribus
903 857 997 896 sane,
1017 867 1150 902 vtpote
1168 856 1270 893 domi
1289 855 1324 892 se
1336 855 1631 896 continentium,

191 908 314 943 nudos
335 905 430 952 ipsos
449 917 491 940 ex
516 905 597 939 aula
618 903 850 947 abstrahunt,
884 918 924 940 ac
944 917 1009 952 per
1035 917 1184 941 omnem
1223 905 1465 953 ignominiam
1494 913 1631 940 contu-

191 956 414 1002 meliamque
434 952 629 989 caedentes
658 954 691 999 t)
727 953 1000 1001 irridentesque
1028 953 1233 990 senatorios
1264 954 1523 1000 imperatores,
1551 953 1629 989 bar-

191 1007 349 1049 bamque
370 1014 407 1039 et
427 1001 619 1050 supercilia
638 1001 830 1042 vellentes,
849 1006 980 1051 'neque
1002 1003 1067 1038 vlli
1097 1015 1175 1050 par
1189 1016 1274 1040 cen
1288 1015 1359 1040 tes
1381 1000 1549 1050 corporis
1571 1012 1632 1038 to-

191 1054 265 1090 tius
290 1052 471 1092 ludibrio,
504 1063 567 1098 per
589 1050 746 1087 mediam
764 1052 890 1088 vrbem
910 1052 954 1087 ad
976 1051 1083 1087 castra
1104 1052 1362 1094 deducebant,
1388 1064 1436 1088 ne
1455 1050 1631 1092 occidere
1693 1083 1695 1086 ⁴

192 1102 342 1148 quidem
366 1101 449 1137 illos
467 1101 505 1136 in
532 1099 627 1146 regia
648 1101 810 1143 decreti,
838 1101 899 1138 sed
926 1102 966 1148 v)
992 1103 1097 1138 lento
1118 1102 1247 1137 mortis
1276 1113 1412 1150 genere
1437 1095 1537 1146 pri&
1564 1113 1646 1135 eir-x
1694 1119 1695 1140 ;

131 1151 175 1187 14
191 1148 423 1190 carnificare,
453 1163 528 1196 quo
550 1150 722 1185 dolorem
742 1150 883 1186 diutius
906 1161 1200 1197 perpeterentur.
1251 1152 1321 1187 Sed
1343 1150 1403 1187 vbi
1423 1150 1633 1185 Germanos

192 1213 232 1236 re
252 1199 388 1234 deinde
407 1198 553 1247 cognita
567 1223 576 1238 ‚
603 1197 714 1244 raptis
734 1199 864 1240 armis,
896 1201 933 1235 in
967 1199 1143 1236 auxilium
1164 1208 1384 1236 concurrere
1415 1198 1631 1235 nuntiatum

194 1247 435 1296 praetorianis
457 1247 518 1286 est,
546 1247 663 1281 statim
684 1247 766 1282 illos
793 1250 835 1294 x)
866 1248 973 1284 nullo
991 1260 1068 1284 non
1089 1247 1251 1284 ludibrio
1270 1249 1370 1295 prius
1381 1247 1633 1290 affest'oscon-

441 1294 666 1341 Relifiisque
696 1296 733 1331 in
756 1296 827 1343 ipsa
849 1297 905 1333 via
936 1297 1195 1337 cadaueribus,
1240 1298 1418 1333 tollentes
1449 1292 1497 1332 in3
1515 1296 1633 1332 altum

80 1345 82 1348 ’
130 1339 176 1372 16
192 1346 361 1382 manibus
388 1344 619 1380 Gordianum
640 1345 815 1381 caesarem
831 1371 840 1388 ‚
868 1345 1016 1394 quando
1036 1344 1134 1380 aliud
1153 1345 1246 1381 nihil
1266 1347 1304 1381 in
1321 1344 1488 1394 praesens·
1504 1356 1634 1381 occur·

190 1396 260 1435 rit,
288 1394 549 1440 imperatorem
571 1393 871 1431 consalutabant:
905 1394 1113 1431 identidem
1133 1395 1178 1430 ad
1211 1394 1392 1441 populum
1420 1392 1633 1443 yociferan-

193 1456 263 1486 teS,
293 1442 408 1478 iacere
431 1442 593 1489 ipsorum
608 1455 717 1479 manu
729 1455 820 1491 quos
835 1445 996 1491 populus
1006 1443 1168 1480 abinitio
1181 1443 1434 1484 recusaueratx'
1452 1442 1634 1479 eleaum-

192 1505 267 1538 que
285 1491 518 1528 Gordianum
539 1492 720 1528 Gordiani
743 1502 943 1540 nepotem,
971 1505 1080 1540 quem
1101 1492 1176 1539 ipse
1200 1493 1305 1528 Rom.
1336 1504 1423 1539 pop.
1451 1492 1494 1528 ad
1515 1489 1634 1538 impe-

608 1542 720 1577 Hunc
739 1541 851 1590 igitur
869 1542 988 1579 secum
1012 1542 1261 1582 deducentes,
1288 1541 1414 1577 coiere
1448 1540 1486 1576 in
1512 1540 1635 1581 castra,

963 1594 1012 1627 At
1042 1588 1219 1626 Germani
1249 1591 1311 1626 vbi
1342 1588 1482 1625 occisos
1513 1587 1638 1636 proie-

195 1639 347 1686 stosque
368 1639 586 1680 audierunt,
610 1650 768 1685 quorum
797 1640 897 1675 causa
920 1650 1230 1687 properauerant,
1257 1650 1373 1687 quum
1396 1634 1636 1674 nollentirri-

196 1700 275 1724 tum
299 1688 436 1724 bellum
455 1701 522 1734 pro
552 1687 639 1725 viris
662 1690 735 1725 vita
759 1688 946 1725 defunffis
968 1688 1171 1736 suscipere,
1199 1688 1237 1724 in
1269 1688 1327 1725 sua
1353 1685 1551 1724 diuersoria
1581 1697 1638 1728 re-

133 1739 177 1773 19
196 1749 402 1774 vertuntur.
451 1739 562 1773 Hunc
581 1735 693 1773 finem
712 1737 809 1773 vitae
829 1738 1058 1778 habuerunt,
1085 1737 1283 1784 indignum
1304 1736 1478 1773 videlicet
1496 1748 1537 1770 ac
1564 1731 1636 1770 n'e-

196 1785 350 1826 farium,
384 1786 436 1833 y)
465 1786 571 1823 sanai
601 1796 639 1821 et
667 1787 896 1823 venerabiles
923 1786 1049 1828 senes,
1093 1786 1314 1823 claritudine
1344 1784 1493 1833 generis
1522 1788 1641 1832 atque*

131 1840 180 1888 30
197 1835 354 1883 egregiis
366 1834 507 1872 meritis
529 1834 571 1871 ad
595 1834 739 1880 imperii
761 1835 941 1882 fastigium
964 1835 1140 1883 proueffl.
1192 1837 1389 1871 Caeterum
1410 1833 1637 1874 Gordianus.
1694 1840 1695 1848 ¹

197 1896 310 1932 quum
330 1896 511 1920 annorum
535 1884 623 1920 esset
643 1883 758 1919 ferme
785 1883 971 1926 tredecin,
999 1885 1038 1932 z)
1066 1883 1238 1932 princeps
1258 1884 1320 1930 (ab
1341 1881 1551 1930 vniuerfis).
1568 1881 1638 1919 de-

197 1935 375 1976 claratus,
404 1934 614 1970 Romanum
636 1931 793 1981 suscepit
813 1932 1023 1981 imperium.

197 2041 238 2068 et
300 2043 423 2068 rerum
485 2030 623 2079 peritus
683 2031 893 2069 haberetur.

195 2082 409 2128 Vtrumque
429 2091 551 2116 tamen
581 2100 621 2108 ·-
644 2082 762 2130 Sta-ph.

247 2133 281 2175 s)
310 2142 424 2176 quum
444 2129 516 2166 illis
538 2130 583 2165 de
606 2130 662 2165 via
697 2128 895 2169 cessissent,

199 2177 223 2214 i.
243 2178 433 2215 transitum
452 2177 646 2220 dedissent,
683 2177 895 2215 atriensium

198 2226 388 2263 ianuarum
412 2227 589 2264 custodes.
630 2228 747 2275 Steph,

250 2279 280 2321 t)
312 2275 614 2321 perirrisionem,
641 2287 702 2313 aut
722 2275 896 2324 perseam·

199 2335 270 2366 ma,
284 2325 482 2362 retinendo
495 2338 624 2361 vocem
639 2327 720 2367 Gr..
733 2325 893 2361 vocitan-

200 2383 255 2410 tes
276 2374 487 2411 Senatorios
503 2375 758 2421 imperatores.
770 2375 891 2422 Steph.

246 2424 289 2464 v)
317 2421 424 2457 viuos
473 2424 692 2460 cruciatibus
738 2423 890 2460 afficere.

200 2469 322 2518 steph.
781 2505 784 2511 .

251 2521 294 2563 x)
323 2518 421 2554 nulla
434 2531 508 2555 non
524 2531 622 2566 parte
636 2520 800 2569 corporis
821 2519 893 2557 iam

200 2565 363 2608 foedata,
389 2570 662 2606 contrucidant.
689 2592 725 2599 --
761 2570 798 2606 in
831 2581 896 2617 pu—

201 2615 297 2653 blica
319 2616 376 2652 via
398 2616 642 2659 cadaueribus,
671 2631 783 2667 quum
799 2619 896 2655 Gor-

202 2663 366 2706 dianum,
388 2664 450 2712 qui
469 2666 583 2700 caesar
598 2679 687 2708 erat,
716 2668 751 2703 in
778 2669 894 2706 altum

199 2712 545 2760 sustuliss'entffltquc
560 2717 816 2760 lmptratorem
831 2718 894 2751 de-

198 2761 399 2806 durassent,
417 2763 606 2810 (quoniam
620 2763 728 2801 alium
745 2766 778 2801 m
792 2777 894 2814 prae-

944 2031 1026 2068 sens
1048 2043 1127 2067 non
1147 2030 1402 2076 inuenerant,)
1427 2028 1639 2067 vociferari·
1692 2046 1694 2076 i

944 2091 1000 2116 tes
1021 2080 1189 2127 populo.
1225 2080 1260 2116 se
1287 2080 1508 2117 interemisse
1535 2079 1645 2123 illos,
1693 2113 1696 2120 ,

944 2142 1039 2177 quos
1057 2128 1339 2176 populusinitio
1361 2130 1557 2177 imperium
1568 2128 1639 2164 ob·
1694 2167 1696 2170 v

944 2190 1067 2215 tinere
1081 2176 1637 2220 noluiffet,Gordianumautem
1694 2204 1696 2216 ι

944 2226 1103 2275 elegisse,
1132 2239 1311 2273 nepotem
1332 2223 1638 2266 illiusGordiani,
1694 2235 1695 2238 ¹

945 2289 1057 2324 quem
1070 2274 1370 2322 ipfimetltomani
1382 2274 1561 2320 suscipere
1572 2271 1639 2308 im-

944 2325 1305 2373 periumcoit'gerint:
1334 2322 1639 2364 habentesillum,
1694 2363 1695 2366 Ἴ

942 2373 1049 2408 castra
1079 2373 1287 2420 petierunt:
1333 2370 1459 2408 clausis
1500 2383 1571 2419 que
1598 2381 1637 2418 p.
1694 2370 1695 2373 ’

943 2421 1063 2471 quieti
1095 2419 1316 2457 manserunt.
1354 2422 1474 2468 Steph-
1523 2458 1525 2461 f

982 2473 1029 2518 y)
1061 2470 1290 2506 venerabiles
1310 2469 1412 2507 senes
1425 2481 1462 2504 et
1476 2478 1639 2506 comme-

943 2517 1641 2567 morationedigni,vel‚etdigni,quo-
1694 2539 1695 2543 =

946 2580 1027 2604 rum
1049 2568 1226 2603 memoria
1251 2568 1474 2604 celebretur.
1497 2566 1617 2613 Steph.

991 2618 1029 2661 z)
1055 2618 1266 2664 Imperator.
1309 2616 1380 2654 Sed
1410 2614 1536 2652 noluit
1572 2613 1640 2649 hac
1693 2616 1695 2657 j

945 2678 1040 2702 voce
1060 2666 1126 2708 vri,
1142 2665 1244 2713 quod
1259 2675 1298 2702 et
1308 2677 1436 2701 vocem
1451 2662 1640 2712 Imperium
1693 2683 1695 2696 ⁴

943 2714 1114 2812 apprime
1156 2714 1276 2753 statim
1315 2714 1395 2766 post
1436 2719 1643 2763 cogeretur.
