1707 3029
0 2509 2 2535 l

6 2630 12 2745 l

519 138 831 186 LIBER
908 139 1030 188 vm,
1395 154 1493 199 127

65 256 243 296 nonnulli
262 255 488 305 munierint,
513 267 558 291 an
579 254 615 292 id
636 265 889 292 commentum
910 254 1108 304 placuerit,
1138 255 1185 303 ad
1211 257 1407 294 leuandam
1443 257 1500 295 in·

62 306 212 344 famiam
241 306 334 342 tanti
363 304 570 346 exereitus,
607 306 671 352 qui
705 305 801 342 bello
832 305 948 352 impar
974 305 1076 341 foret
1114 306 1286 342 aduersus
1314 307 1499 345 minorem

61 356 182 393 multo
203 367 395 391 numerum
418 354 688 401 oppidanorum
702 380 713 396 ,
740 363 780 390 vt
800 354 940 391 scilicet
960 353 1044 392 visti
1065 354 1187 401 potius
1206 368 1226 390 a
1245 355 1314 391 diis
1332 360 1439 402 quarn
1453 356 1500 392 ab

10 430 13 434 .
64 404 282 441 hominibus
303 403 532 441 viderentur,
561 403 658 439 haud
680 402 762 439 sane
786 403 870 440 satis
889 403 1121 452 exploratum
1140 405 1284 446 habeo:
1312 416 1498 443 caeterum

1 2748 12 2789 ,1

10 2790 15 2944 l

12 2947 17 3029 l

0 446 8 470 ²
61 454 213 491 nouitas
229 464 388 491 euentus
409 452 537 490 euntia
554 452 792 490 credibiliora
821 452 924 490 facit.

734 576 800 616 IV.

66 658 208 728 Postea
230 669 435 708 veroquam
458 657 599 696 infesto
620 659 777 708 negotio
795 654 910 708 legati
926 667 1185 703 reuerterunt,
1222 660 1274 698 ira
1303 671 1342 700 et
1371 661 1499 704 furore

138 709 327 745 instinctus
349 708 591 751 Maximinus,
620 708 933 758 magismagisque
951 709 1187 746 accelerabat.
1239 712 1291 748 Vt
1308 723 1433 749 autem
1455 713 1502 750 ad
1518 727 1539 753 2

64 757 218 794 fluuium
241 758 422 804 peruenit,
450 758 513 805 qui
528 759 570 794 ad
592 758 752 805 lapidem
776 760 814 803 l)
842 759 1103 796 duodecimum
1125 762 1251 806 procul
1274 760 1325 797 est
1343 763 1385 797 ab
1396 762 1501 803 vrbe,

65 806 217 843 inuenit
241 807 355 854 ipsum
375 807 530 844 maxima
558 807 650 843 aluei
674 808 930 855 profunditate
958 820 1000 844 ac
1027 807 1227 846 latitudine
1255 809 1500 847 defluentem.

62 855 210 894 Etenim
232 857 319 892 anni
335 867 522 903 vtempore
543 856 683 893 solutae
705 857 913 894 vicinorum
933 856 1119 893 montium
1140 857 1260 901 niues,
1286 860 1500 907 quaslonga
1519 874 1538 913 3

63 905 194 953 hyems
214 905 427 948 durauerat‚
455 906 655 942 maximum
676 917 878 943 torrentem
896 906 1118 946 effecerant,
1141 905 1188 942 fic
1206 919 1244 943 vt
1274 909 1381 945 nullo
1395 909 1499 954 pasto
1526 920 1527 923 ’

65 952 214 991 'tranfire
235 954 419 991 exercitus
443 953 566 1001 pulset.
621 955 714 991 Nam
736 968 910 1002 pontem,
938 955 1041 1004 quod
1062 967 1156 1002 opus
1183 968 1360 1004 magnum
1387 968 1500 1003 atque
1517 976 1540 1011 4

63 1003 351 1050 pulcherrimum
381 1013 522 1039 veteres
561 1004 798 1051 imperatores
834 1005 957 1050 lapide
994 1004 1173 1052 quadrato
1212 1005 1502 1049 construxerant,

63 1056 114 1093 m)
141 1051 224 1098 pilis
252 1052 366 1088 veluti
388 1051 608 1099 quibusdam
638 1053 758 1100 paruis
785 1053 912 1091 sensnm
942 1053 1212 1096 crescentibus,
1256 1066 1434 1102 ruperant
1461 1064 1503 1091 ac

63 1100 289 1137 resoluerant
310 1101 577 1147 Aquileienses.
629 1104 680 1138 Ira
709 1114 823 1149 quum
859 1115 983 1151 neque
1009 1113 1147 1149 ponte,
1184 1115 1310 1151 neque
1343 1103 1502 1154 nauigiis
1522 1125 1539 1158 5

62 1151 222 1198 (quippe
242 1150 339 1186 nulla
361 1150 663 1197 suppeditabant)
697 1151 844 1187 tranfire
873 1152 1058 1189 exercitus
1078 1152 1217 1199 posset,
1262 1152 1420 1189 substitit
1445 1155 1500 1190 in-

65 1208 186 1236 certus
205 1198 359 1235 conlilii.
413 1199 484 1234 Sed
505 1198 607 1234 enim
630 1199 992 1247 Germani'aliquot‚
1020 1201 1136 1247 ignari
1157 1210 1268 1249 quam
1292 1201 1422 1249 rapido
1441 1202 1502 1238 ab·
1520 1214 1541 1249 6

63 1258 247 1294 ruptoque
267 1247 550 1295 imperulraliae
570 1246 719 1284 flumina
739 1248 976 1291 deferantur,
1011 1247 1156 1296 ratique
1188 1249 1315 1286 sensim
1344 1251 1502 1287 influere

63 1302 232 1341 campos,
259 1296 571 1343 quemadmodum
589 1296 686 1343 apud
706 1298 804 1344 ipsos
824 1298 1120 1334 consueuerunt:
1147 1300 1265 1343 (vnde
1291 1299 1401 1336 etiam
1416 1301 1501 1348 quia

63 1345 259 1381 minimum
277 1345 311 1381 se
329 1345 542 1388 concitant,
571 1345 746 1392 perfacile
768 1347 1044 1395 congelascunt)
1073 1346 1145 1383 auli
1174 1347 1285 1396 seque
1314 1362 1353 1386 et
1382 1360 1500 1398 equos
1519 1366 1541 1399 7

61 1394 210 1431 natandi
232 1394 369 1440 peritos
386 1394 497 1430 alueo
517 1395 690 1436 credere,
715 1394 750 1431 vi
775 1394 940 1432 fluminis
968 1396 1077 1431 ablati
1108 1397 1311 1444 perierunt.
1387 1399 1501 1447 Igitur
1520 1415 1540 1446 g

60 1454 174 1491 quum
196 1442 349 1479 biduum
369 1455 430 1479 aut
450 1445 613 1480 triduum
637 1445 673 1479 in
695 1445 1011 1482 tentoriisfulsset
1037 1446 1284 1489 Maximinus,
1314 1447 1416 1484 ducka
1429 1448 1500 1483 cir—

60 1501 145 1528 cum
167 1493 370 1530 exercitum
391 1491 500 1534 foss'a,
541 1505 588 1528 ne
607 1492 670 1539 qui
693 1493 896 1541 improuiso
926 1497 962 1530 in
986 1495 1093 1531 castra
1106 1506 1280 1538 ruerent,
1331 1497 1443 1534 stabat
1460 1496 1502 1532 iu

57 1540 118 1578 sua
137 1540 213 1587 ripa
232 1541 543 1578 deliberabundus
566 1555 727 1590 quonam
747 1546 899 1580 tandem
919 1543 1025 1591 pasto
1043 1544 1201 1581 fluuium
1223 1557 1343 1592 ponte
1372 1546 1503 1593 iunge-

56 1601 124 1627 ret.
174 1590 246 1625 Sed
266 1590 304 1626 in
328 1603 453 1639 magna
480 1590 667 1639 lignorum
688 1605 729 1628 ac
748 1592 984 1641 nauigiorum
1008 1593 1181 1641 penuria,
1225 1593 1363 1641 quibus
1402 1596 1502 1632 inter
1520 1615 1542 1649 9

64 1639 102 1676 se
123 1638 252 1675 iunf’tis
272 1650 425 1687 pontem
448 1639 687 1678 fabricaretur
701 1667 711 1684 ‚
739 1644 960 1679 nuntiarunt
971 1642 1120 1690 quidam
1143 1655 1164 1679 e
1181 1642 1311 1687 fabris,
1335 1645 1404 1682 effe
1416 1657 1503 1691 per-

59 1688 195 1724 multas
211 1688 248 1724 in
270 1690 362 1737 agris
381 1687 452 1725 illis
476 1689 626 1726 desertis
646 1689 775 1728 inanes
798 1695 834 1738 n)
862 1704 996 1739 cupas,
1023 1691 1144 1728 forma
1165 1693 1339 1733 rotunda.
1366 1694 1501 1742 quibus
1524 1712 1569 1738 ,Θ

61 1735 238 1772 videlicet
260 1738 403 1773 incolae
425 1739 610 1785 quondam
633 1741 676 1776 ad
707 1740 836 1777 vinum
865 1741 1142 1788 importandum
1171 1742 1383 1780 vtebantur.
1459 1755 1501 1779 ea
1523 1763 1564 1789 11

60 1795 175 1831 quum
195 1786 308 1822 efflent
327 1787 370 1821 ad
392 1787 543 1824 nauium
566 1787 843 1826 similitudinem
866 1803 1048 1831 concaua,
1099 1790 1268 1827 deuincta
1289 1803 1376 1828 mox
1403 1792 1507 1828 inter

59 1833 154 1875 sese,
179 1834 389 1882 scapharum
413 1849 513 1872 more
537 1837 742 1874 innatatura
766 1852 798 1882 o}
819 1838 1052 1885 videbantur.
1103 1840 1252 1876 Etenim
1273 1840 1326 1877 ire
1349 1842 1504 1888 pessum,

61 1881 220 1919 vinculis
242 1885 338 1920 inter
358 1885 393 1920 se
413 1886 619 1929 constrista,
643 1887 682 1935 p)
709 1901 748 1923 ac
771 1887 973 1925 viminibus
999 1888 1155 1936 desuper
1184 1888 1326 1926 inieffls
1357 1902 1396 1927 et
1416 1890 1508 1937 pul-'

61 1942 147 1967 vere
166 1933 305 1975 multo,
330 1935 558 1982 compluribus
580 1946 719 1983 operam
739 1939 964 1979 nauantibus,
993 1938 1186 1979 fabum-ata,
1212 1951 1288 1974 non
1310 1950 1499 1985 poterant»

62 1981 176 2026 Qod
194 1982 251 2017 vbi
272 1981 403 2017 facium
436 1982 483 2017 est
497 2009 506 2025 ‚
531 1996 632 2032 quum
652 1986 711 2020 ille
726 1986 908 2035 praeeffet,
928 1987 1043 2034 'facile
1061 1987 1200 2023 milites
1220 1988 1257 2022 in
1282 1989 1499 2024 vlteriorem
1522 2009 1567 2037 12

59 2029 178 2077 ripam
196 2031 399 2079 transgreffi
412 2056 423 2074 ,
452 2033 490 2080 q)
515 2032 731 2070 suburbanis
749 2034 926 2073 aedificiis
940 2061 951 2079 ,
977 2047 1071 2084 quae
1089 2036 1229 2073 deserta
1255 2036 1499 2079 inuenerunt,
1521 2059 1562 2097 13

58 2153 182 2200 Qam
229 2162 355 2191 tamen
402 2154 754 2201 interpretationem

54 2213 136 2239 non
194 2203 328 2240 itidem
382 2202 545 2240 admittit
603 2209 752 2243 verbum

58 2249 284 2297 ι’φαντᾶσθη,
332 2251 354 2287 fi
378 2264 562 2299 reperatur
582 2267 666 2290 cum
696 2255 754 2293 iis,

59 2312 155 2349 quae
173 2301 392 2349 sequuntur,
420 2305 599 2339 v.Annot
637 2305 754 2352 Steph.

103 2348 141 2398 l)
169 2351 334 2388 decimum
362 2349 515 2395 sextum,
564 2355 754 2400 lequendo

60 2400 209 2446 quidem
231 2400 348 2436 nostra
371 2401 595 2447 exempl.Gr
635 2404 754 2450 Steph.

94 2452 155 2493 ·m)
184 2450 439 2496 portulisque‚
469 2451 646 2496 paulatim
661 2460 757 2489 cres-

61 2498 254 2539 centibus,
299 2500 342 2533 ab
375 2498 541 2535 inferiori
573 2512 672 2547 parte
699 2501 756 2537 in-

63 2554 295 2595 tetcepturr„
323 2548 389 2583 Gr.
431 2549 534 2595 831le

109 2598 148 2644 n)
176 2597 253 2632 vasa
271 2595 430 2638 vinaria,
479 2610 500 2633 e
523 2598 673 2634 materia
696 2611 755 2635 ro-

37 2644 40 2647 ’
62 2645 197 2688 ςῑιηάες
222 2646 354 2692 quibus
367 2646 541 2682 videlicet
557 2647 699 2684 imolae
711 2649 755 2683 ad

61 2692 142 2729 vsus
163 2693 246 2731 suos
265 2705 373 2737 ante,
399 2707 439 2733 et
460 2695 505 2733 ad
527 2696 656 2735 viuum
672 2709 754 2735 tuto

802 2156 1131 2196 transmittendum
1152 2157 1209 2201 iis,
1234 2159 1299 2207 qui
1311 2171 1502 2209 peterent,

804 2210 1016 2248 veebantur‚
1045 2210 1108 2243 Gr.
1137 2209 1229 2254 Sylb.

849 2259 882 2304 o)
910 2267 1026 2292 erant.
1064 2257 1184 2306 Steph.
1459 2301 1462 2304 ⁴

848 2309 889 2353 p)
918 2305 1062 2342 cremiis
1086 2319 1157 2354 que
1169 2305 1323 2354 desuper
1342 2305 1502 2349 inieffis,

805 2366 842 2392 et
861 2356 972 2392 humo
998 2367 1063 2400 pro
1088 2355 1264 2392 reimodo
1282 2357 1503 2404 superagge-

804 2404 850 2441 sta
864 2428 874 2444 ‚
899 2411 1026 2452 'magna
1039 2413 1147 2440 manu
1170 2412 1298 2454 magna
1317 2418 1389 2453 que
1403 2403 1502 2441 festi*

809 2455 963 2490 natione
982 2453 1160 2490 sabmrata
1175 2479 1185 2495 ‚
1215 2467 1291 2490 non
1314 2462 1500 2501 poterant.

807 2504 873 2540 Illo
894 2503 1005 2551 igitur
1017 2503 1204 2549 praesente
1219 2513 1331 2552 atque
1344 2503 1502 2539 instante

807 2550 1042 2600 transgressus
1061 2554 1256 2590 exercitus.
1286 2555 1411 2588 vrbem
1425 2564 1500 2603 quc

805 2601 930 2637 versus
956 2603 1127 2641 tendens,
1151 2601 1296 2637 subm-b.
1312 2604 1375 2636 (ir.
1406 2602 1500 2649 θῶ.

881 2654 893 2696 )
924 2661 1015 2696 quae
1038 2650 1076 2685 in
1097 2649 1280 2686 suburbiis
1311 2661 1417 2686 crant
1443 2661 1502 2684 ae-

806 2699 844 2736 di
873 2697 948 2742 cia,
974 2698 1047 2736 des.
1072 2698 1322 2736 inuenerunt:
1352 2711 1392 2734 ac
1405 2698 1500 2736 vites
