1707 3029
550 92 848 142 LIBER
926 90 999 138 VI.
1426 103 1520 144 103

82 217 281 259 cogerent.
308 205 405 244 haud
426 203 556 248 facile,
581 219 696 255 quum
718 205 828 243 semel
850 204 1033 251 dislipatus
1054 204 1121 246 est,
1165 205 1206 243 in
1238 216 1352 240 vnum
1379 211 1522 242 coeun-

82 270 157 296 tem
173 282 184 299 ‚
216 261 366 304 (vtpote
387 257 572 291 incertum
594 267 707 303 atque
729 253 1004 293 inordinatum
1035 255 1237 302 vulgusque
1259 255 1381 301 potins
1411 267 1521 300 quam

83 307 306 346 exercitum,
340 315 564 352 tantumque
593 315 839 341 commeatum
868 304 1067 339 habentem
1102 314 1282 350 quantum
1312 303 1374 339 sibi
1415 316 1521 341 vnus·

83 357 244 403 quisque
266 354 308 390 ad
334 352 560 401 praesentem
583 353 682 389 vsum
706 357 819 390 domo
844 353 1037 391 attulisset,
1078 361 1259 397 praeterea
1277 365 1394 406 aegre
1425 353 1520 388 lilios

80 416 290 450 vxoresque
319 414 358 439 et
378 403 479 438 sedes
500 403 664 457 proprias
683 402 972 449 relinquentem)
1009 401 1124 436 statim
1159 399 1284 437 nuntii
1321 402 1520 446 literaeque

81 454 126 490 ab
149 453 305 499 Illyricis
326 451 626 505 procuratoribus
646 452 872 506 adfuerunt3
895 451 957 488 oui
989 463 1073 486 eum
1103 451 1171 485 vel
1178 460 1344 486 ementer
1374 463 1522 496 pertur-

82 503 232 543 barent,
255 513 456 548 curamque
477 512 600 536 ammo
621 502 795 536 maiorem
820 500 1029 536 iniicerent.
1081 501 1222 546 quippe
1253 497 1405 547 lignifica
1413 502 1519 534 liant:

80 550 146 587 Ge·
149 563 279 586 manos
298 551 450 586 Rhenum
471 551 736 596 Danubiumque
756 561 793 585 tr
796 562 908 596 ansgr
911 548 1011 596 effls,
1038 549 1205 584 Romanos
1224 550 1262 584 in
1272 551 1367 596 fines
1387 545 1518 596 hastili-

81 609 142 636 ter
163 598 330 647 intraffe'u
357 608 624 657 oppugnareque
645 600 716 634 iam
737 611 822 635 exet
823 609 914 634 crtus
940 599 1031 645 ripis
1049 599 1245 644 insidentes,
1269 608 1399 645 perqwr
1422 609 1455 630 v
1449 598 1525 633 fies

80 658 117 686 et
138 649 232 684 vicos
258 649 397 696 magnis
424 647 530 694 copiis
559 661 763 684 excttrJQete
832 648 1059 698 Qoptopter
1088 648 1185 682 haud
1210 648 1338 682 leuiter
1360 648 1464 695 Ιίζγνί
1456 660 1524 682 cas

81 698 244 733 nationes
271 698 510 733 conterminae
543 699 749 745 vicnrzasqae
770 699 899 733 ltaliae
922 697 1158 744 periclitari:
1209 706 1291 743 opus
1320 696 1380 744 effe
1407 696 1524 744 iqitur

78 747 186 832 ipsius
201 745 425 794 praesentia,
453 755 590 794 totoque
609 757 780 794 quantum
791 745 905 801 secum
924 746 1118 782 exercitum
1141 746 1299 785 haberet.
1355 747 1455 780 Haec
1484 757 1523 782 et
1564 736 1589 770 ⁷

100 795 326 831 ormidinem
348 796 580 836 Alexandro,
609 807 647 831 et
679 796 829 841 illyricis
850 795 1031 830 militibus
1053 794 1274 830 moestitiam
1302 796 1523 831 attulerunt.

77 845 225 892 quippe
246 844 386 891 duplici
406 844 442 880 se
462 845 669 881 calamitate
688 845 771 881 vsos
800 843 1079 891 intelligebant,
1124 844 1226 890 quod
1267 855 1306 880 et
1333 843 1398 890 ipii
1428 844 1524 878 male

78 894 222 940 accepti
246 894 284 929 in
306 892 381 929 acie
402 893 574 929 aduersus
597 894 718 929 Persas
739 893 911 934 fuerant,
940 905 976 928 et
997 892 1081 928 suos
1109 892 1211 929 domi
1237 892 1356 929 caesos
1383 905 1402 928 a
1430 893 1523 928 Ger-

78 944 198 978 manis
218 942 430 979 audiebant.
483 944 609 984 Quare
628 943 915 990 indignabantur
937 953 1048 989 atque
1069 943 1108 988 n)
1135 941 1345 978 Alexandro
1374 941 1525 977 succen-
1566 923 1585 955 ⁸

79 991 232 1032 sebam,
254 1003 428 1038 tanquam
448 1004 505 1027 res
525 992 563 1027 in
585 1002 730 1028 oriente
751 992 850 1038 prius
870 991 930 1028 vel
949 1003 1051 1027 metu
1083 991 1142 1027 vel
1174 989 1405 1039 negligentia
1437 1003 1523 1036 pro-

80 1039 248 1077 didilset:
276 1052 375 1077 nunc
395 1051 518 1076 autem
541 1042 647 1076 rebus
666 1042 708 1077 ad
732 1040 1023 1087 septentrionem
1042 1040 1283 1080 vocantibus,
1312 1050 1413 1076 meru
1433 1052 1523 1075 cun-

79 1089 250 1126 &arerun
320 1091 435 1126 Erant
462 1101 584 1125 autem
603 1090 842 1127 Alexander·
833 1103 904 1124 iarn
932 1100 1043 1135 atque
1074 1089 1181 1125 amici
1204 1087 1302 1125 illius
1334 1088 1444 1124 etiam
1475 1088 1522 1124 de

81 1139 159 1186 ipla
181 1138 278 1175 ltalia
308 1138 468 1174 solliciti.
517 1151 641 1186 neque
658 1139 756 1174 enim
779 1151 838 1184 par
861 1138 1070 1193 periculum
1092 1151 1110 1173 a
1131 1137 1244 1173 Persis
1264 1149 1377 1186 atque
1397 1138 1520 1173 aGer-

80 1187 199 1224 manis
223 1188 470 1242 impendebat.
523 1189 620 1223 Nam
643 1188 707 1234 qui
729 1187 793 1223 sub
815 1187 998 1222 orientem
1019 1186 1210 1228 habitant,
1247 1199 1382 1234 manno
1407 1198 1520 1222 terra-

78 1250 160 1274 rum
183 1236 364 1291 marisque
383 1236 580 1273 interuallo
604 1235 929 1276 discreti,1taliae
946 1235 1007 1270 vix
1037 1247 1185 1272 nomen
1196 1236 1374 1272 audiunt.
1411 1248 1449 1272 at
1475 1235 1521 1270 11-

78 1285 218 1333 lyricae
251 1297 401 1340 gentes,
444 1283 615 1333 angustae
638 1285 841 1326 videlicet,
881 1297 1003 1331 neque
1034 1286 1197 1321 muitum
1243 1284 1317 1333 agri
1345 1283 1521 1321 Romanis

77 1333 231 1387 subieffi
252 1332 497 1388 poffidentes3
523 1332 617 1369 solae
640 1333 835 1370 discrimen
857 1333 1001 1370 faciunt
1021 1333 1119 1369 inter
1133 1314 1285 1370 ltaliam
1291 1344 1404 1381 atque
1427 1334 1522 1369 Cer-

77 1381 250 1420 mauiam.
323 1382 445 1418 Edicit
473 1382 600 1429 iraque
629 1382 902 1429 profestionem
928 1383 1083 1429 ingratis
1113 1394 1225 1437 atque
1245 1395 1353 1432 aegre
1381 1382 1521 1421 ferens,

75 1431 138 1471 sed
161 1442 315 1480 Vrgente
335 1441 459 1467 tamen
480 1431 923 1468 neceffirate.Re1i6kis
953 1441 1077 1467 autem
1107 1432 1225 1479 copiis
1254 1443 1410 1480 quantas
1439 1431 1522 1466 fme

74 1480 160 1518 satis
181 1473 332 1516 tuendis
351 1480 526 1516 Romanis
548 1480 635 1527 ripis
660 1480 926 1522 arbitrabatur,
964 1480 1162 1528 castrisque
1192 1492 1231 1517 et
1257 1481 1410 1516 castellis
1439 1480 1522 1515 dili-

77 1531 229 1580 gentius
247 1530 510 1571 communitis,
549 1543 591 1565 ac
613 1530 789 1576 praesidio
808 1529 983 1572 firmatis,
1019 1530 1095 1577 ipse
1115 1530 1286 1567 aduersus
1314 1531 1523 1567 Germanos

74 1579 316 1625 cumreliqua
343 1578 447 1615 omni
471 1579 716 1633 multitudine
744 1591 981 1626 approperat.
1061 1573 1324 1627 Confefioque
1352 1579 1521 1614 ceieriter

73 1628 235 1669 itinere,
262 1627 430 1665 constitit
450 1629 492 1665 ad
515 1628 633 1664 Rheni
654 1628 785 1675 ripas,
805 1641 915 1675 atque
938 1629 985 1665 ibi
1008 1642 1062 1664 res
1084 1631 1125 1665 ad
1159 1629 1298 1665 bellum
1328 1629 1459 1665 Germa
1463 1628 1522 1663 ni-

73 1691 150 1714 cum
180 1678 386 1714 necessarias
405 1678 652 1732 comparabat.
726 1680 959 1725 pontemque
982 1678 1101 1724 primo
1120 1678 1253 1714 iunffls
1269 1677 1369 1714 inter
1396 1678 1431 1714 se
1458 1689 1521 1712 na·
1544 1670 1584 1707 ¹3

76 1726 186 1776 vigiis
205 1726 295 1762 fecit
318 1727 356 1762 in
379 1728 510 1782 Rheno
531 1725 709 1768 flumine,
736 1739 777 1763 vt
797 1739 860 1774 per
890 1739 975 1764 eum
1005 1726 1189 1764 exercitus
1217 1727 1521 1775 transgrederen-

73 1787 147 1814 tur.
200 1776 341 1823 quippe
358 1775 556 1813 himaximi
579 1776 774 1812 fluminum
796 1777 859 1823 sub
881 1777 1135 1824 septentrione
1154 1776 1341 1818 feruntur,
1368 1776 1521 1812 Rhenus
1543 1773 1587 1808 ¹4

74 1838 116 1862 ac
135 1825 350 1861 Danubius.
380 1838 543 1872 quorum
561 1826 653 1862 alter
675 1827 707 1861 G
722 1840 813 1862 errn
826 1839 841 1860 a
855 1839 878 1861 n
891 1839 913 1860 o
927 1839 962 1868 s,
988 1825 1078 1862 alter
1102 1827 1156 1861 Pa
1169 1837 1190 1861 n
1203 1838 1225 1861 n
1242 1838 1264 1860 o
1278 1825 1361 1862 nio
1378 1838 1392 1858 ς
1422 1837 1522 1870 prae-

74 1874 230 1911 terfluit.
293 1877 420 1922 Atque
446 1875 578 1911 aestate
608 1875 761 1918 quidem
792 1852 1041 1921 nauigabiles‚
1078 1874 1248 1911 altissimo
1276 1875 1524 1922 latillimoque
1544 1872 1585 1907 15

73 1925 182 1960 alueo
201 1949 210 1965 ‚
241 1937 305 1970 per
323 1925 495 1971 hyemem
518 1922 603 1959 dein
629 1924 794 1960 concreti
816 1925 925 1979 gelu,
950 1936 1166 1970 camporum
1192 1924 1233 1960 in
1264 1936 1406 1960 rnorem
1435 1935 1522 1969 per-

76 1973 304 2018 equitantur.
356 1975 400 2012 o)
440 1972 497 2008 Est
525 1983 650 2008 autem
680 1973 774 2008 adeo
804 1986 882 2009 elus
908 1974 1001 2010 aluei
1035 1973 1149 2010 solida
1182 1974 1342 2021 glacies,
1381 1984 1424 2008 vt
1441 1983 1522 2007 nou
1545 1963 1588 1998 ¹6

73 2032 261 2066 equorum
281 2021 428 2069 vngulis
450 2032 594 2058 tantum
617 2021 848 2069 pedibusque
871 2020 1035 2057 virorum
1060 2021 1242 2064 lubfistat,
1260 2021 1322 2058 sed
1343 2021 1406 2068 qui
1430 2021 1523 2055 hau-

74 2069 164 2105 sturi
186 2069 271 2104 inde
293 2070 398 2111 lunt,
427 2082 504 2105 non
526 2080 599 2105 tam
631 2082 738 2105 vruas
767 2081 829 2106 aut
859 2070 937 2105 vasa
970 2071 1037 2105 alia
1065 2070 1184 2107 lecum
1214 2068 1370 2106 afferant
1410 2079 1523 2116 quam

37 2129 39 2133 ⁴
74 2117 221 2155 secures
240 2131 279 2153 ac
301 2119 486 2159 dolabras,
515 2129 556 2154 vt
575 2117 711 2154 caelam
732 2118 820 2154 inde
841 2130 971 2164 aquam
996 2117 1069 2153 fine
1090 2118 1170 2155 vase
1191 2119 1288 2159 vllo,
1325 2117 1443 2156 veluti
1475 2118 1525 2152 la-

73 2166 224 2214 pidem,
254 2167 455 2214 asportent.
508 2167 628 2202 haec
618 2167 728 2215 igitur
751 2169 901 2203 illorum
925 2165 1088 2202 amnium
1111 2179 1238 2206 natura
1257 2166 1316 2204 est.
1368 2167 1525 2204 Alexan·
1548 2172 1590 2207 17

75 2215 141 2252 der
159 2227 282 2253 autern
301 2218 450 2253 Mauros
470 2216 703 2264 complures,
729 2229 769 2252 ac
789 2215 863 2252 vim
886 2216 1078 2265 ingentem
1099 2216 1393 2267 sagittariorum,
1431 2227 1527 2264 quos

1565 293 1588 427 ενι-μω

1542 1173 1588 1200 10

1545 1374 1585 1399 11

74 2348 162 2386 dem
174 2361 259 2385 non
279 2361 455 2398 tanquam
477 2349 514 2385 in
538 2361 623 2396 pace
652 2350 777 2396 quies·
826 2351 972 2387 Annot.
1011 2352 1131 2399 steph.

73 2410 222 2440 cerem,
246 2398 306 2434 sed
340 2398 413 2435 illis
441 2399 628 2441 barbaris,
669 2400 778 2435 indu·-
883 2401 932 2446 n)
984 2401 1234 2437 Alexandrum
1286 2398 1529 2442 incusabant,

76 2447 143 2483 ciis
175 2447 298 2484 saltem
322 2458 360 2484 et
388 2449 510 2494 aliqua
540 2449 777 2485 cuntiarione
828 2450 970 2486 Memm.

44 2512 46 2516 ·
78 2509 176 2541 opus
200 2497 290 2538 esse,
319 2509 518 2544 antequam
537 2497 654 2533 rurs-az
676 2510 778 2534 exer·
872 2498 907 2542 ο)
934 2498 1034 2544 quod
1055 2510 1127 2546 que
1139 2499 1278 2536 dudum
1289 2496 1430 2534 flumen
1442 2495 1528 2533 fue-

77 2546 194 2581 citum
241 2546 510 2587 immitterent,
565 2548 663 2583 haud
700 2549 781 2593 fac.
829 2558 906 2589 rat,
946 2548 1036 2586 adeo
1069 2547 1229 2592 riuidum
1264 2546 1421 2585 solidum
1452 2556 1530 2594 que

75 2596 221 2640 sequor
244 2606 366 2635 autem
392 2609 431 2631 in
461 2596 527 2631 hac
555 2596 780 2643 interpreta-
829 2595 892 2641 fit.
923 2607 1020 2635 vtn.
1040 2598 1104 2635 Gr.
1137 2598 1228 2646 Sylb.

78 2643 187 2681 tione
231 2657 352 2683 meam
384 2644 711 2686 emendationem.
746 2657 782 2683 v.
