1707 3029
164 67 229 120 58
365 53 861 117 HEJRODIANI
929 54 1420 101 HISTORIAE

96 188 139 222 ¹8
160 172 371 224 pecoribus,
396 169 441 206 ad
465 168 699 208 vescendum,
726 164 892 212 vicisque
911 153 1247 213 aliquot⁸incenfis,
1273 164 1450 213 paulatim
1469 176 1588 214 vsque

161 223 211 261 ad
226 221 503 268 Ctesiphontem
532 225 794 265 perrexerunt:
819 225 891 261 qua
918 214 969 249 in.
987 213 1140 252 ciuitate
1167 227 1321 263 magnus
1340 218 1411 252 rex?
1427 216 1587 252 Artaba-

96 289 141 324 ¹9
161 284 230 309 nus
258 269 564 307 commorabatur.
614 265 729 313 Igitur
757 262 953 310 imparatos
982 263 1077 300 naffi
1111 264 1299 306 barbaros,
1325 262 1432 300 caefis
1460 264 1585 310 primo

160 321 372 369 quicunque
401 318 429 361 i)
467 313 696 354 restitissent,
729 311 945 365 direptaque
970 325 1058 348 mox
1083 313 1201 355 vrbe,
1229 312 1354 360 pueris
1389 311 1585 349 foeminis-
1637 313 1642 317 ⁴

92 387 142 414 20
160 368 292 418 quein
325 364 574 412 captiuitatem
596 360 779 402 abductis,
808 370 950 397 tantum
979 359 1058 407 ipso
1085 372 1170 410 rege
1199 373 1281 397 cum
1304 360 1427 407 paucis
1449 359 1587 408 equiti-

159 419 229 455 bus
257 414 403 463 elaps0‚
428 411 604 449 thesauris
632 408 728 447 illius
756 411 966 457 ornatuque
991 409 1096 446 omni
1122 421 1161 446 et
1195 407 1419 457 supellectile
1455 407 1585 456 potiti,

90 465 315 510 ‚fviftores
342 461 606 511 regrediuntur.
666 461 715 494 lta
749 458 925 499 Seue·ru5‚
956 457 1107 499 fortuna
1136 459 1248 507 magis
1276 471 1385 506 quam
1413 457 1584 495 consilio·

155 513 361 552 Parthicam
378 510 563 548 victoriam
581 507 733 555 adeptus
751 506 811 542 est.
836 507 952 554 Igitur
964 507 1135 555 prospere
1163 508 1444 545 succedentibus
1464 507 1587 549 rebus,

155 562 280 607 literas
310 561 354 597 ad
381 559 546 596 senatum
577 560 831 603 populumque
859 557 965 592 Rom.
997 557 1043 593 de
1069 556 1106 593 se
1137 555 1346 604 magnificas
1377 555 1503 596 dedit,
1541 567 1585 591 ac

86 634 136 660 22
155 610 315 658 depiRas
341 607 381 644 in
412 608 544 644 talibus
572 617 729 653 pugnas,
765 603 1008 653 vistoriasque
1038 605 1114 642 suas
1149 605 1340 651 exposuit:
1375 604 1476 640 nihil'
1501 616 1584 641 non

143 661 339 699 ,honorum
360 656 582 692 decernente
605 654 744 696 senatu,
773 665 813 692 et
832 653 939 704 super
956 653 1014 692 his
1032 654 1258 706 cognomina
1276 654 1499 704 imponente
1517 653 1583 691 de-

153 709 329 749 vittarum
352 705 536 759 gentium.

834 821 879 859 X.

109 894 114 903 '
156 893 247 959 Ipse
266 891 404 929 interea
423 889 530 927 rebus
555 888 603 926 ad·
621 887 801 925 orientem
820 886 866 923 fic
885 886 992 936 gestis
1012 887 1167 924 Romam
1185 887 1460 928 reuertebatur,
1487 883 1584 921 filios

116 951 139 976 2
210 943 280 978 iam
302 941 454 988 puberes
481 939 602 974 secum
633 938 832 974 adducens.
889 935 1149 983 Confe&oque
1180 935 1334 978 itinere,
1365 948 1406 971 ac
1425 933 1583 983 prouin-

157 990 237 1033 ciis,
265 1001 302 1026 vt
322 989 456 1035 cuique
480 987 560 1023 vsus
587 987 709 1029 foret,
736 984 936 1026 ordinatis,
960 985 1227 1032 Mysorumque
1247 995 1283 1020 et
1302 983 1585 1020 Pannoniorum

155 1037 616 1087 recognitisvexercitibuz
641 1036 767 1071 vrbem
789 1033 875 1071 dein
898 1033 1128 1081 triumphans
1157 1034 1325 1070 inuestus
1354 1033 1428 1074 est,
1455 1030 1584 1068 multis

64 1097 65 1100 ’
113 1093 135 1135 3
155 1084 481 1126 acclamationibus
510 1084 689 1131 omnique
718 1082 917 1120 cerimonia
948 1084 1091 1129 populo
1127 1081 1347 1129 excipiente.
1397 1081 1469 1118 Cui
1495 1078 1583 1129 qui-

155 1139 239 1175 dem
271 1135 346 1182 ipse
370 1134 482 1170 festos
513 1134 592 1169 dies
619 1131 865 1178 sacrificiaque
897 1141 936 1166 et
964 1131 1161 1177 spectacula
1190 1144 1230 1166 ac
1261 1128 1492 1167 celebritates
1523 1128 1584 1164 in-

153 1184 276 1226 dulsit,
303 1194 509 1231 magnoque
539 1181 625 1216 dato
658 1180 866 1228 congiario,
892 1189 932 1215 et
953 1179 1061 1215 ludos
1094 1180 1163 1226 'pro
1191 1178 1342 1215 vic'toria
1371 1177 1584 1215 celebrauit.

152 1236 294 1272 Romae
311 1232 446 1269 deinde
478 1229 576 1266 haud
604 1241 739 1275 paucos
767 1239 928 1264 moratus
947 1240 1078 1269 annos,
1103 1228 1158 1262 ius
1179 1228 1326 1264 dicebat
1350 1227 1583 1275 frequenter,

152 1279 498 1327 ciuilibus-negotiis
516 1288 555 1315 et
573 1277 701 1314 liberis
717 1276 929 1314 erudiendis
946 1287 1051 1325 atque
1070 1275 1368 1325 k)admoclcjsiiam
1385 1285 1585 1325 componen-

110 1347 134 1383 4
153 1332 221 1372 dis,
252 1332 430 1366 intentus.
480 1327 531 1364 At
551 1326 607 1361 illi
626 1327 695 1362 iam
725 1338 804 1362 tum
832 1325 1082 1361 adolescentes
1111 1326 1254 1362 deliciis
1273 1326 1446 1371 viffflque
1475 1325 1583 1360 vrba-

152 1393 226 1422 n0,
267 1377 460 1424 nimioque
488 1375 772 1423 spetiaculorum
806 1373 1124 1422 aurigationisque
1152 1385 1191 1410 et
1217 1372 1419 1410 saltationis
1447 1372 1583 1414 studio,

113 1444 133 1478 ς
153 1429 288 1466 bonam
320 1426 487 1462 indolem
517 1434 768 1470 corruperant.
817 1426 993 1470 Interque
1020 1422 1055 1458 se
1080 1423 1209 1459 fratres
1231 1422 1468 1465 diffidebant,
1492 1434 1584 1468 pue-

151 1477 212 1514 rili
234 1475 393 1524 primum
422 1473 637 1513 certamine,
663 1470 814 1508 edendis
841 1471 1076 1508 coturnicum
1103 1471 1249 1520 pugnis,
1275 1472 1583 1519 gallinaceorum-

149 1537 222 1573 que
251 1523 502 1562 confliffibus,
546 1533 584 1557 et
611 1533 806 1569 puerorum
836 1519 1179 1561 colluctationibus,
1229 1530 1356 1557 exorta
1385 1518 1582 1556 discordia.

107 1584 130 1619 6
150 1576 245 1612 Nam
276 1573 338 1611 seu
365 1571 455 1619 quid
481 1571 521 1607 in
550 1568 657 1606 scena
685 1569 878 1611 audirent,
908 1568 979 1605 siue
1007 1569 1097 1605 item
1126 1568 1352 1616 spestarent,
1381 1569 1419 1613 l)
1440 1569 1583 1615 semper

149 1624 281 1670 vtique
300 1619 448 1656 diuersls
477 1619 711 1660 accedebant,
735 1630 916 1665 nusquam
945 1618 1082 1653 eisdem
1110 1617 1276 1654 studente
1305 1629 1487 1665 Vtroque:
1519 1615 1583 1652 sed

107 1689 131 1721 7
150 1674 251 1720 quod
272 1670 375 1706 alteri
404 1670 554 1704 charum
572 1668 682 1709 foret,
709 1667 746 1702 id
772 1668 877 1704 alteri
897 1667 1015 1704 statim
1037 1666 1206 1703 odiosum
1222 1681 1233 1701 τ
1258 1666 1583 1704 committentibus

150 1721 267 1758 etiam
287 1718 461 1764 vtrinque
483 1716 580 1763 ipsos
605 1716 856 1752 adulatoribus
884 1727 996 1764 atque
1023 1714 1210 1757 ministris,
1235 1714 1408 1762 nihilque
1432 1727 1512 1752 non
1533 1714 1582 1752 ad

149 1769 300 1820 gratiam
328 1766 616 1815 suggerentibus,
642 1775 684 1800 vt
701 1764 746 1800 ad
767 1764 805 1802 se
823 1765 982 1812 quisque
1007 1777 1074 1811 pro
1102 1763 1201 1800 virili
1229 1764 1391 1801 diuersos
1417 1764 1583 1801 retrahe-

112 1833 132 1866 g
150 1829 246 1856 rent.
308 1815 376 1852 His
404 1813 565 1863 cognitis
593 1815 748 1850 Seuerus
776 1816 949 1851 reducere
974 1812 1016 1849 in
1043 1813 1216 1861 gratiam,
1246 1824 1360 1861 atque
1383 1814 1584 1850 emendare

108 1885 130 1918 9
151 1866 363 1904 conabatur.
413 1867 463 1909 m)
481 1864 582 1898 Tum
612 1862 794 1904 Baffiano,
821 1862 884 1909 qui
914 1872 1005 1898 tunc
1025 1863 1188 1898 honores
1214 1861 1472 1909 imperatorios
1498 1861 1584 1898 ade-

151 1927 262 1964 ptus,
283 1916 441 1950 Seuerus
458 1910 699 1951 Antoninus,
721 1923 873 1958 accepto
895 1911 1009 1947 Marci
1031 1910 1279 1960 cognomine,
1302 1911 1512 1954 vocabatur,
1538 1923 1583 1946 ac

85 1982 130 2008 10
150 1965 268 2000 maior
282 1973 373 1998 natu
391 1972 481 2002 erar,
507 1972 658 1996 vxorem
677 1959 781 1996 dedit
808 1962 928 2008 (quum
950 1963 1018 2008 per*
1035 1961 1301 1996 matrimonium
1328 1961 1477 1996 reddere
1503 1972 1580 1996 eum

85 2013 363 2057 „moderatum
387 2010 509 2055 vellet)
534 2007 645 2044 filiam
663 2008 857 2050 Plautiani,
888 2008 1060 2056 praefeffi
1080 2008 1299 2046 cohortibus
1319 2008 1477 2046 vrbanis.
1505 2009 1582 2045 Hic

145 2066 204 2106 (vt
224 2059 435 2107 perhibent)
459 2056 672 2095 Plautianus
701 2058 746 2094 ab
775 2056 887 2094 initio
915 2059 1043 2094 aetatis
1060 2058 1165 2095 tenui
1193 2056 1345 2094 fortuna
1369 2057 1459 2100 fuit,
1486 2055 1583 2094 sedi-

146 2110 338 2155 tionisque
368 2117 407 2143 et
433 2107 588 2142 aliorum
607 2105 803 2151 criminum
831 2118 935 2148 reus,
961 2119 1001 2152 ac
1022 2107 1216 2144 multtatus
1245 2105 1383 2142 exilio:
1410 2106 1473 2142 sed
1503 2117 1581 2144 erat

144 2156 272 2196 Seueri
294 2156 500 2203 municeps,
524 2154 615 2191 Afer
635 2154 800 2197 natione.
823 2166 933 2203 atque
956 2160 1014 2202 (vt
1034 2154 1184 2205 quidam
1203 2154 1351 2204 putant)
1361 2154 1471 2192 etiam
1488 2166 1582 2192 con-

150 2281 153 2285 '
191 2275 224 2319 ἰ)
246 2270 496 2311 occurrissent,
520 2272 660 2307 Memm.
928 2272 978 2319 m)
1003 2271 1102 2307 Tum
1119 2269 1298 2306 maiorem
1317 2279 1420 2313 natu,
1439 2270 1499 2307 cui
1519 2284 1582 2309 ve·

187 2321 229 2370 k)
253 2322 314 2357 Sic
332 2319 486 2365 ipsemet
505 2320 580 2355 Pol.
609 2319 696 2357 alibi
724 2320 836 2358 inter·
882 2332 964 2358 rum
983 2332 1122 2357 nomen
1143 2329 1220 2354 erat
1239 2317 1431 2362 Baffianus,
1459 2320 1582 2367 prius-

176 2381 314 2408 retatur
340 2369 516 2404 Graecam
546 2380 695 2411 vocem,
726 2381 835 2417 quam
884 2381 994 2416 quam
1030 2368 1068 2403 in
1109 2366 1382 2414 imperatoriam
1424 2367 1579 2407 domum

147 2384 210 2458 iiic
232 2416 498 2466 praetermittit.
533 2417 649 2464 Steph.
886 2416 966 2464 (seu
987 2416 1160 2454 familiam
1180 2416 1299 2462 Sylb.)
1325 2416 1579 2460 veniffet,An-

194 2468 226 2512 l)
249 2464 401 2503 subinde
421 2476 502 2512 erga
529 2464 567 2500 id
596 2465 737 2501 diuerse
758 2467 837 2501 ani·
885 2465 1057 2502 toninum
1085 2464 1160 2511 ipse
1186 2465 1410 2508 nominauit,
1434 2466 1579 2514 imperii

148 2517 238 2553 mati
266 2524 390 2554 erant,
417 2512 668 2549 contendendi
696 2516 832 2550 studio:
884 2516 1066 2551 honorem
1089 2512 1256 2560 prospera
1283 2513 1382 2551 sorte
1401 2516 1578 2563 adeptus;

148 2564 250 2600 nulla
279 2574 352 2608 que
380 2573 420 2596 re
453 2562 560 2597 ambo
587 2561 714 2598 itidem
742 2565 837 2601 dele·
884 2562 999 2602 Marci
1028 2573 1239 2609 cognomen
1269 2575 1354 2601 eum
1380 2562 1480 2602 ferre
1508 2576 1579 2603 vo-

150 2612 350 2653 elabantur,
377 2609 437 2647 sed
460 2610 561 2657 quod
580 2630 615 2639 ·-
643 2613 762 2662 Stcph.
886 2614 976 2652 leus.
1001 2612 1116 2660 Steph.
