1707 3029
515 75 826 120 LIBER
906 73 1018 127 1V.

1408 89 1474 132 79

72 193 178 230 illum
197 200 239 229 et
257 191 394 229 vicium
413 191 584 239 vsutpare
606 190 878 232 liberaliorem,
906 201 946 226 et
973 189 1157 238 aspernari
1186 190 1349 230 vilissima
1380 192 1479 229 abie-

71 242 291 289 stiffitnaque
319 256 340 277 n
377 241 512 277 cibaria
544 240 698 287 (quibus
727 240 945 277 Antoninus
978 240 1188 277 militariter
1211 242 1477 285 deleftabatur)

71 293 106 338 ο)
117 290 425 345 chlamydemque
454 302 490 326 et
512 294 643 324 vellem
663 300 842 325 caeteram
865 288 909 323 ad
928 290 1108 326 vrbanum
1134 290 1289 327 modum
1320 290 1474 338 gestare·

70 338 169 387 quali
191 339 411 394 degenerem
430 339 561 386 ipsum,
588 339 795 385 morboque
817 338 986 375 muliebri
999 339 1242 379 laborantem,
1272 340 1475 376 calumnia-
1534 376 1541 381 ,

69 390 196 429 batur,
231 401 406 425 minitans
435 389 547 425 etiam
569 387 789 423 occisurum.
841 388 1011 433 Qorum
1043 387 1240 435 impatiens
1271 389 1474 430 Macrinus,
1495 394 1516 430 ς

69 437 313 475 vehementer
348 438 581 475 exacerbatus
615 436 678 472 cst.
739 435 887 472 Accidit
930 448 1054 473 autem
1098 449 1155 472 res
1194 437 1474 474 huiuscemodi:

67 487 227 533 (quippe
247 486 415 523 habitura
434 485 544 522 finem
564 485 762 531 aliquando
780 490 901 520 tuerat
917 485 1100 522 Antonini
1121 487 1226 532 vita.)
1253 500 1336 523 nam
1358 498 1476 534 quum

65 535 194 582 suapte
216 547 344 572 natura
363 535 537 572 curiofior
558 534 666 576 elset,
693 547 770 569 non
794 535 987 570 hominum
1016 531 1129 572 modo
1160 548 1215 571 res
1247 547 1476 587 cognolcere

64 584 254 626 studebat,
278 584 337 622 sed
359 587 512 622 deorum
532 583 827 630 daemonumque
849 584 958 620 etiam
978 584 1099 621 rimari
1119 597 1268 621 arcana:
1295 597 1474 632 metuque
1490 585 1515 619 6

65 633 208 688 semper
228 633 463 674 inlidiarum,
489 634 605 669 nullis
627 645 704 668 non
729 632 884 668 oraculis
908 633 1126 675 incubabat,
1161 634 1287 670 accitis
1307 638 1475 681 Vndique

57 683 195 732 -magiS,
222 683 424 732 astrologis,
451 683 700 728 arulpicibus:
725 694 767 716 ac
787 683 891 718 nullo
914 684 1020 729 plane
1043 684 1243 730 praeterito
1262 684 1325 731 qui
1345 683 1473 720 huius-

64 724 211 767 cemodi
231 731 393 768 fallacias
414 730 661 779 profiteretur.
709 733 780 767 Sed
814 743 880 766 eos
909 740 1063 779 quoque
1095 731 1317 780 suspec‘lam,
1354 743 1394 769 vt
1413 744 1471 780 pa·
1486 743 1516 777 ᾳ

64 793 148 817 rem
176 793 257 816 vera
275 782 474 829 loquentes
497 784 696 828 omniaque
717 780 761 816 ad
781 779 1060 817 assentationem
1083 782 1352 838 vaticinantes,
1389 781 1475 818 scri-

64 830 122 866 bit
140 831 184 866 ad
206 831 367 867 Materni
361 843 483 866 ·anum
506 832 716 876 quendam,
759 829 819 864 cui
842 843 965 866 rerum
994 830 1136 867 suarum
1157 832 1326 868 omnium
1348 842 1473 868 curam

64 879 106 915 in
129 879 215 915 vrbe
236 880 464 921 crediderat,
498 890 535 915 et
555 891 666 934 quem
688 878 751 914 fibi
773 891 816 914 ex
836 877 962 915 amicis
983 880 1156 917 omnibus
1176 880 1387 918 fidissimum
1405 893 1472 927 pu·
1490 887 1512 921 8

63 907 476 985 tabat‚c013stiumqu⁷e
493 929 662 964 omnium
683 929 909 964 secretorum
919 924 1029 976 solum
1049 930 1235 971 habuerat,
1260 942 1386 979 magos
1406 941 1473 966 vn-

64 954 185 1024 diquey
199 979 365 1026 optimos
393 978 616 1025 conquirat,
648 988 774 1033 atque·
779 989 941 1014 euocatis
960 978 1149 1020 manibus,
1184 980 1231 1016 de
1257 979 1333 1016 fine
1361 979 1472 1034 ipsius
1489 992 1512 1027 9

62 1026 163 1063 vitae
184 1028 374 1068 consulat,
399 1039 436 1064 et
463 1040 508 1063 an
539 1027 734 1074 quisquam
761 1025 922 1073 imperio
949 1026 1151 1064 infidietur.
1202 1031 1253 1066 At
1273 1028 1473 1066 Maternia-

69 1087 163 1117 nus,
190 1078 231 1124 p)
257 1088 387 1113 nauata
413 1076 571 1123 principi
595 1088 730 1123 opera,
762 1075 833 1111 sue
861 1076 898 1112 id
928 1089 966 1112 re
984 1090 1067 1112 vera
1095 1090 1220 1114 manes
1247 1077 1474 1128 fignificaue-

63 1136 170 1165 rant,
207 1125 278 1162 sue
298 1126 436 1171 alioqui
459 1126 668 1161 Macrinum
696 1124 867 1170 perosu8‚
898 1122 1067 1161 relcribit
1083 1110 1306 1169 Antonino,
1338 1128 1472 1164 Macri-

60 1186 154 1210 num
178 1174 247 1210 else
267 1175 329 1221 qui
350 1174 574 1211 insidietur
564 1172 745 1219 imperio,
772 1185 932 1220 eumque
953 1187 972 1209 e
994 1174 1119 1211 medio
1137 1176 1363 1212 tollendum.
1391 1178 1470 1213 Has
1491 1190 1538 1217 ιο

61 1224 175 1271 igitur
197 1223 341 1265 literas,
369 1235 410 1258 vt
430 1235 508 1258 mos
525 1222 591 1264 est,
618 1234 704 1258 cum
725 1222 876 1268 reliquis
895 1223 1113 1278 oblignataS,
1139 1224 1229 1260 dat
1219 1226 1354 1274 ignaris
1378 1226 1469 1274 quid

58 1273 206 1309 ferrent
223 1271 430 1309 tabellariis.
483 1271 769 1314 ffli‚con1ueta
790 1269 838 1306 vfi
861 1271 1003 1307 itineris
1022 1270 1234 1315 celeritate,
1272 1276 1315 1310 ad
1345 1278 1469 1311 Anto·
1491 1291 1534 1316 ιι

58 1322 192 1358 ninum
216 1321 469 1369 perueniunt,
496 1332 570 1369 quo
589 1321 655 1356 ille
677 1319 899 1366 potiffimum
919 1334 1091 1369 tempore
1107 1324 1151 1359 ad
1172 1324 1410 1378 aurigandum
1432 1325 1471 1361 se

60 1372 227 1417 parabat,
261 1383 300 1405 ac
323 1371 392 1406 iam
425 1383 572 1406 currum
599 1370 994 1407 conicendebat.1ta
1026 1372 1058 1407 ei
1090 1372 1253 1410 reddunt
1279 1385 1471 1421 integrum

57 1419 293 1466 epistolarum
311 1419 547 1456 fasciculum:
585 1420 625 1456 in
649 1419 783 1466 quibus
815 1430 921 1455 erant
946 1421 1058 1456 etiam
1088 1421 1218 1458 literae
1250 1424 1290 1470 q)
1313 1436 1406 1471 quae
1423 1423 1470 1460 ad

55 1469 267 1506 Macrinum
288 1469 539 1517 pertinebant.
585 1471 637 1506 At
657 1481 746 1505 vero
768 1469 986 1505 Antoninus
1002 1495 1012 1510 ,
1051 1470 1170 1506 studio
1199 1473 1270 1508 iam
1291 1473 1393 1509 omni
1414 1484 1467 1510 at·
1489 1490 1534 1517 η

56 1531 132 1566 que
153 1518 280 1554 animo
297 1519 340 1555 ad
363 1519 604 1567 aurigandum
623 1518 814 1559 intentus,
846 1519 1000 1576 imperat
1021 1520 1193 1557 Macrino
1222 1533 1263 1558 vt
1285 1522 1363 1569 ipse
1381 1522 1466 1559 lite.

54 1581 111 1604 ras
126 1568 286 1604 scorium
307 1550 497 1614 inspiciat,
532 1580 597 1611 ac,
638 1568 675 1614 r)
689 1567 713 1603 fi
731 1567 822 1615 quid
846 1567 996 1604 maioris
1015 1568 1199 1606 momenti
1220 1569 1283 1613 st,
1328 1584 1466 1609 renun-

32 1617 145 1658 tiet-
173 1616 224 1653 fin
245 1617 387 1658 minus,
417 1617 493 1664 ipse
513 1617 559 1654 de
581 1630 708 1659 more,
744 1617 850 1653 suum
885 1619 973 1662 (hoc
1000 1619 1050 1654 est
1074 1619 1268 1666 praefecti)
1299 1621 1467 1658 officium

50 1678 266 1715 exequatur.
318 1666 458 1714 quippe
486 1668 572 1703 talia
604 1667 812 1703 identidem
842 1666 1039 1715 iniungere
1067 1670 1324 1705 conlueuerat.
1382 1668 1465 1712 lpse
1487 1673 1536 1711 ¹3-

52 1729 156 1765 quum
176 1717 260 1752 haec
278 1715 482 1765 mandaffit‚
509 1716 645 1753 deinde
666 1717 710 1751 ad
729 1717 834 1752 suum
854 1717 1011 1752 studium
1032 1718 1208 1764 perrexit.
1262 1714 1464 1760 Macrinus.
1485 1726 1531 1759 14

51 1765 216 1803 ieorsum
237 1765 400 1812 epistolis
421 1767 596 1802 omnibus
617 1764 767 1806 lolutis,
808 1767 919 1802 etiam
943 1768 981 1802 in
1006 1779 1085 1802 eam
1110 1768 1245 1804 incidit
1269 1780 1367 1815 quae
1398 1768 1463 1815 ipfi

50 1813 257 1862 perniciem
280 1813 467 1850 afferebat.
519 1815 688 1864 Cognito
711 1816 824 1863 igitur
849 1827 1027 1863 quantum
1046 1817 1463 1864 periculiimpenderet.
1484 1821 1529 1857 15

49 1876 92 1900 ac
112 1876 241 1913 gnarus
252 1863 439 1899 Antonini
463 1863 673 1901 iracundiae
687 1865 1026 1919 truculentiaeque,
1052 1866 1263 1911 praesertim
1283 1879 1357 1903 tam
1376 1867 1463 1914 spe·
1519 1874 1531 1883 ·

49 1913 152 1950 ciolo
173 1925 389 1961 praetextu,
416 1912 595 1950 subtrahit
615 1913 806 1961 epistolam
827 1912 947 1951 illam:
971 1925 1202 1954 caeterarum
1224 1928 1326 1959 vero,
1347 1929 1387 1955 vt
1402 1916 1463 1954 so-

48 1964 169 2006 lebat,
189 1974 406 2012 argumenta
427 1963 591 2012 principi
613 1963 818 2001 renuntiat.

712 2063 808 2099 Xffl.

45 2126 139 2194 Sed
161 2133 331 2165 metuens
354 2138 403 2163 ne
422 2125 558 2164 iterum
568 2127 674 2176 super
684 2126 913 2165 eiusce-modi
933 2129 1043 2164 rebus
1054 2128 1311 2166 Maternianus
1331 2129 1464 2168 rescri-

116 2178 246 2219 beret,
286 2176 427 2214 malens
444 2178 568 2214 facere
588 2178 665 2227 ipse
684 2176 828 2225 aliquid
847 2190 960 2226 quam
981 2177 1211 2225 expectando
1231 2178 1330 2228 pati,
1386 2181 1461 2218 tale

96 2274 137 2321 n)
178 2274 458 2314 esculentorum
487 2288 527 2313 et
552 2276 729 2322 poculen-

46 2334 174 2361 torum
193 2338 327 2374 genera
342 2351 352 2367 ,
378 2327 510 2373 quibus
531 2335 574 2362 ut
592 2326 728 2362 milita-

45 2373 96 2410 ris
114 2373 274 2417 scilicet,
297 2376 543 2413 delestabatur
562 2375 728 2413 Antoni·

46 2435 132 2460 nus.
159 2424 247 2470 Sylb

95 2475 128 2519 o)
157 2485 198 2508 ac
219 2486 366 2520 parvam
385 2475 635 2523 chlamydem,
663 2478 726 2512 aut

44 2522 162 2558 alium
183 2525 395 2570 quempiam
428 2525 625 2566 amic'tum,
659 2524 724 2570 qui

45 2569 164 2618 magis
186 2572 231 2607 ad
251 2574 432 2610 urbanum
460 2587 603 2611 morem
621 2585 724 2610 acce-

44 2620 164 2657 deret.
191 2621 309 2670 Steph

87 2671 129 2720 p)
152 2670 324 2710 andanei
362 2671 603 2722 Imperatoris
637 2670 726 2712 iussa

779 2275 982 2318 exsecutus,
1008 2276 1082 2318 vel,
1107 2289 1222 2324 quum
1234 2277 1271 2314 se
1289 2279 1461 2316 andanei·

778 2325 927 2372 geffiffet
970 2323 1009 2361 in
1042 2326 1289 2374 exsequendis
1324 2332 1462 2376 imper.

779 2373 974 2412 mandatis.
1001 2374 1119 2423 S.teph
1170 2384 1175 2385 ⁷

827 2426 866 2471 q)
892 2424 1062 2467 litterae,
1109 2424 1279 2464 adversus
1317 2425 1459 2464 Macri-

776 2485 867 2510 num
889 2474 1054 2520 scriptae.
1079 2475 1200 2524 Steph.

821 2526 858 2568 r)
886 2522 1001 2570 liquid
1025 2522 1077 2565 lit,
1103 2523 1205 2571 quod
1225 2524 1457 2563 celeritatem

776 2584 929 2621 poscat,
963 2573 1181 2609 renunciet:
1219 2573 1273 2610 fin
1317 2574 1456 2616 minus,

777 2635 833 2664 ea,
860 2626 956 2669 quae
978 2622 1186 2664 consuevit,
1210 2622 1454 2665 administret,

774 2681 911 2721 utpote
924 2669 1139 2722 praefestus.
1165 2673 1288 2723 Steph-
