1748 3017
172 1180 218 1207 10
234 1164 398 1199 oriundos
414 1163 458 1198 ab
475 1165 596 1197 Aenea
615 1161 765 1208 Phryge.

243 130 304 173 14

445 112 943 163 HERODrANI

1014 110 1508 157 HISTORIAE

237 230 549 267 commemorare:
577 225 784 274 praesertim
805 235 919 273 quum
940 236 981 260 ea
1003 235 1061 259 res
1090 221 1279 270 plerisque
1300 221 1530 258 Graecorum
1545 221 1677 270 Ignota

196 294 218 319 2
239 280 308 316 esse
325 279 503 316 videatur.

561 277 672 325 Ipsum
694 275 812 324 igitur
829 274 1061 320 simulacrum
1082 273 1225 308 coelitus
1250 275 1314 315 (vt
1333 270 1464 315 aiunt)
1486 269 1676 320 demg'fflm‘t.

238 342 347 379 neque
367 341 436 377 qua
453 328 498 370 (it
517 326 686 366 materia,
712 337 772 359 nec
790 336 812 358 a
828 334 892 370 quo
905 322 1133 370 fabricatum
1151 321 1303 368 artifice,
1319 317 1409 365 satis
1428 310 1560 368 conssat
1573 332 1586 354 .·
1614 332 1676 356 ne—

195 389 216 426 3
238 391 302 427 que
318 379 424 427 plane
444 368 614 412 fhominum
643 374 802 409 manibus
822 373 869 418 m)
893 372 1056 407 creditur
1074 370 1231 416 fat‘Jum.
1281 369 1354 404 Hoc
1379 369 1494 417 igitur
1517 367 1675 416 decidtffi

236 429 380 464 coelitus
401 426 538 473 ferunt
565 424 604 459 in
632 424 801 471 quendam
830 420 1012 468 Pbrygiae
1049 431 1196 468 agrum,
1234 418 1295 454 cui
1331 428 1451 453 nomen
1479 417 1676 464 Pefinumi,

191 484 195 485 ⁷
239 480 280 520 n)
294 475 402 524 acasu
413 477 486 511 eius
492 473 692 520 simulacri,
711 470 854 517 fadum
869 478 1001 518 putant
1012 481 1023 502 .-
1040 469 1091 504 ibi
1108 468 1197 504 enim
1216 481 1238 503 a
1244 467 1426 516 principio
1439 466 1677 517 comparuiffl’.

195 533 219 570 4
239 526 336 562 Licet
362 526 460 573 apud
482 525 570 560 alios
596 522 824 569 comperiam,
849 528 1001 567 pugnam
1030 518 1104 553 illic
1126 518 1212 553 Ilum
1242 517 1388 565 Phryga
1416 516 1677 563 Tantalumque

238 575 367 623 Lydum
386 575 484 610 inter
494 573 534 621 se
546 569 756 619 conseruisse,
771 569 851 612 siue
870 571 913 604 de
930 568 993 603 via
1013 576 1140 609 ortam,
1152 567 1231 613 siue
1243 566 1364 616 potius
1382 567 1423 601 ob
1442 575 1586 615 raptum
1600 566 1679 602 Ga-

194 632 215 667 5
238 624 402 671 nymedis.
448 623 629 671 ‚Quumque
663 621 722 655 diu
749 618 870 665 aequis
897 617 1037 653 viribus
1062 617 1276 652 decertatum
1294 615 1426 662 foret,
1449 629 1492 652 ac
1506 615 1680 665 permulti

236 673 408 720 vti-inque
428 670 634 719 cecidissent,
662 679 780 704 nomen
801 680 846 702 ex
867 679 907 702 ea
926 667 1025 701 clade
1044 665 1114 702 loco
1134 665 1196 715 ff
1222 665 1424 713 impolitum.
1473 667 1542 702 Hic
1567 665 1678 701 etiam

228 721 338 769 fama
347 721 450 768 fert,
474 722 506 768 o)
532 719 775 767 Ganymedem,
802 713 909 764 ipsum
925 715 1148 751 trahentibus
1166 714 1203 749 in
1222 713 1366 763 diuersa
1378 715 1550 761 germani
1566 723 1677 762 atque

196 772 218 804 6
236 772 410 807 amatoris
426 770 596 809 manibus,
622 768 702 803 vita
721 764 781 814 effe
798 766 978 801 orbatum:
995 764 1238 812 sublatumque
1261 776 1278 798 e
1295 764 1420 805 medio,
1444 774 1511 812 pro
1528 763 1678 799 calami-

237 821 328 857 tatis
340 819 478 866 solatio‚
505 819 622 854 relata
641 817 692 852 ad
705 817 818 851 Iouem
844 817 1024 862 raptorem
1037 814 1174 860 fabula
1186 839 1194 854 .
1220 811 1351 849 diuinis
1360 812 1472 863 suff
1487 812 1676 849 honoribus

196 879 219 912 7
238 869 413 919 affeft'um.
462 869 505 903 In
525 868 607 908 hoc,
636 878 733 914 quem
751 864 927 906 diximus,
954 863 1137 910 Pefinunte
1157 862 1315 911 Phryges
1341 863 1421 898 olim
1451 864 1568 912 Orgia
1587 862 1676 898 cole-

239 923 338 960 bant,
362 918 414 954 ad
428 917 535 963 ipsum
544 915 692 965 fluuium
714 914 868 954 Gallum,
899 927 922 948 a
941 924 1005 961 quo
1026 913 1133 948 etiam
1151 913 1288 948 euirati
1305 913 1390 948 deae
1403 910 1604 962 sacerdotes
1614 922 1676 947 co-

195 979 216 1012 3
230 968 498 1015 gnominantur.
547 966 616 1000 Sed
630 964 691 999 vbi
716 973 772 998 res
791 963 948 998 Romana
967 962 1104 1003 creuit,
1130 960 1282 1011 responso
1310 972 1453 1011 accepto
1473 960 1675 1009 mansurum

234 1017 417 1066 imperium
436 1024 543 1063 atque
561 1014 613 1049 ad
626 1014 663 1060 p)
680 1011 852 1061 summam
862 1012 1007 1060 ,aunum
1028 1011 1101 1052 iri,
1118 1011 1160 1059 st
1179 1011 1416 1057 Pefinuntiam
1445 1013 1544 1048 deam
1574 1009 1676 1059 adse

194 1083 216 1115 9
235 1065 487 1110 transferrent
501 1079 512 1099 .-
539 1059 626 1108 miffi
647 1063 685 1097 in
706 1061 902 1109 Phrygiam
926 1061 1039 1108 legati
1052 1058 1139 1109 fient
1160 1062 1314 1110 petitum
1340 1062 1423 1096 deae
1430 1061 1675 1107 simulacrum.
1714 1099 1716 1103 .

233 1115 329 1163 quod
341 1114 477 1161 quidem
487 1112 605 1160 facile
629 1110 811 1159 com-ffem
833 1110 892 1158 est,

921 1110 1188 1158 consanguineos
1199 1110 1238 1158 se
1269 1111 1540 1153 dic'iitantibus,
1565 1119 1676 1158 atque

817 1160 933 1209 Qum
951 1160 1070 1207 itaque
1089 1159 1232 1207 nauigio
1251 1160 1425 1195 deuectum
1441 1159 1676 1206 simulacrum

234 1215 285 1249 ad
307 1210 400 1261 ipsas
436 1211 577 1247 Tiberis
594 1209 725 1255 fauces
751 1207 951 1256 appuliffit,
978 1206 1125 1256 (quibus
1151 1218 1225 1243 tum
1243 1208 1392 1244 Romani
1407 1209 1486 1244 vice
1511 1212 1676 1256 portuum

171 1279 214 1304 11
235 1262 442 1301 vtebantur,
469 1258 646 1309 confestim
664 1260 701 1306 q)
728 1258 852 1294 diuina
873 1259 1025 1304 quadam
1044 1257 1086 1294 vi
1105 1258 1286 1306 nauigium
1296 1257 1471 1307 substitit,
1497 1259 1679 1307 neque'vl-

235 1312 281 1347 lis
297 1311 445 1346 Romani
462 1309 580 1358 populi
599 1309 766 1344 certatim
787 1307 967 1343 trahentis
987 1307 1122 1342 moueri
1147 1307 1288 1343 viribus
1311 1308 1449 1355 potuit,
1479 1309 1587 1344 donec
1612 1308 1676 1344 Ve-

171 1378 215 1404 12
221 1360 334 1410 stalis
344 1358 514 1408 sacerdos
537 1356 675 1406 adeffet.
721 1357 772 1392 Ea
794 1368 896 1404 quum
915 1356 1169 1404 virginitatem
1189 1365 1360 1406 perpetuo
1371 1356 1586 1406 seruandam
1604 1356 1679 1405 pol-

232 1408 328 1457 luiſje‘
341 1407 442 1454 falso
469 1417 698 1454 argueretur,
726 1407 982 1442 damnationem
1002 1415 1176 1447 metuens,
1195 1406 1346 1453 supplex
1372 1406 1481 1454 petiit
1499 1418 1522 1441 a
1537 1407 1677 1455 populo.

233 1467 278 1494 vt
298 1457 462 1493 iudicium
481 1455 571 1504 dese
590 1457 674 1491 deae
693 1455 915 1501 Pefinuntiae
933 1455 1206 1491 committerent.
1236 1467 1301 1503 quo
1319 1455 1521 1502 impetrato,
1547 1466 1676 1492 zonam

232 1507 414 1548 recinxit,
441 1518 597 1553 eamque
619 1517 748 1553 prorae
776 1503 929 1545 iniecit,
955 1505 1054 1540 clare
1071 1513 1233 1552 precata,
1261 1513 1303 1539 vt
1333 1519 1345 1538 ι
1369 1505 1622 1540 intemeratam
1633 1502 1675 1553 se

172 1566 213 1603 13
234 1556 296 1605 effi
321 1570 364 1592 ac
383 1555 561 1604 virginem
581 1555 644 1590 dea
657 1553 782 1601 sciret,
804 1553 842 1600 r)
868 1553 986 1588 nauim
1009 1554 1180 1601 progredi
1209 1553 1359 1589 iuberet.
1408 1554 1512 1604 Qae
1533 1553 1597 1590 vbi
1619 1554 1676 1589 di-

233 1607 304 1647 xit,
326 1605 455 1654 statim
477 1605 663 1651 alligatam
682 1615 807 1639 zonam
829 1614 934 1637 manu
962 1602 1066 1638 dulia
1084 1602 1189 1638 nauis
1210 1600 1312 1652 sequi
1334 1604 1458 1652 coepit.
1509 1605 1569 1639 Ita
1583 1601 1673 1652 sunt

231 1654 376 1704 pariter
396 1654 542 1689 Romani
561 1650 785 1701 manffestam
812 1652 976 1694 numinis„
993 1652 1222 1688 diuinitatem
1250 1661 1356 1700 atque
1380 1654 1413 1699 s)
1435 1653 1673 1689 innocentiam

172 1714 216 1747 14
233 1703 391 1751 virginis
409 1703 595 1738 admirati.
645 1703 717 1738 Sed
733 1702 823 1738 haec
850 1701 1023 1737 haetenus
1055 1702 1099 1738 de
1132 1699 1340 1738 Pefinuntia
1371 1702 1459 1738 dea:
1482 1702 1674 1749 >prolixius

234 1752 345 1789 etiam
363 1750 509 1788 fortasse
533 1763 640 1799 quam
663 1751 812 1792 decuit,
836 1750 930 1786 haud
953 1750 1138 1799 insuauem
1159 1761 1285 1786 tamen
1312 1750 1504 1788 scientiam
1522 1749 1673 1788 allatura

172 1813 214 1847 15
236 1801 293 1840 iis,
319 1801 383 1849 qui
410 1813 467 1836 res
499 1801 679 1836 Romanas
707 1798 828 1836 minus
854 1800 1024 1848 cognitas
1056 1800 1228 1837 habeant.
1276 1801 1506 1838 Commodus
1535 1811 1674 1842 autem,

278 1968 329 2015 m)
354 1966 454 2016 tangi
474 1967 573 2005 licet.
602 1965 693 2016 Sylb.

278 2036 318 2081 n)
336 2047 381 2073 ex
401 2047 459 2075 eo,
486 2034 587 2080 quod
599 2032 776 2070 ceciderit
787 2030 924 2071 fimula·

233 2097 348 2125 crum,
370 2084 502 2129 ibique
519 2083 677 2129 primum
696 2082 813 2119 fuerit
836 2096 926 2120 con·

231 2133 404 2179 spestum.
433 2134 483 2168 Vt
502 2142 623 2168 autem
643 2133 739 2178 apud
759 2131 849 2168 alios
865 2132 923 2169 in·

231 2182 415 2223 uenimus,
441 2192 597 2229 pugnarn
619 2180 695 2218 iilic
712 2180 923 2219 aiuntllum

231 2231 319 2267 Phr.
337 2229 455 2279 Steph.

277 2283 311 2323 o)
337 2278 589 2326 Ganymedem
617 2291 658 2315 ex
689 2278 807 2315 oculis
837 2292 922 2316 eua-

231 2326 367 2370 nume,
401 2329 490 2364 dum
525 2328 613 2362 hinc
649 2327 781 2370 frater,
817 2329 921 2364 illinc

213 2388 478 2427 ,amator-,eum
496 2377 701 2412 traherent:
723 2388 834 2423 quum
856 2391 921 2414 au-

231 2437 306 2462 tern
335 2437 468 2471 corpus
496 2437 538 2460 ex
565 2426 682 2461 oculis
711 2426 923 2468 euanuiffet,

231 2474 283 2516 id,
319 2474 419 2521 quod
463 2473 685 2510 adolescenti
731 2475 923 2516 acciderat,

230 2522 412 2560 diuinitus
437 2521 646 2570 contigisse,
668 2522 830 2561 fabulose
854 2525 923 2561 effe

233 2570 426 2611 traditum;
457 2582 627 2619 tanquam
653 2575 776 2609 alone
798 2585 922 2620 raptus

229 2621 340 2704 {or-ez.
390 2621 434 2658 In
457 2620 528 2658 hoc
547 2631 693 2664 autem,
720 2633 830 2670 quem
849 2624 923 2661 dix.

251 2671 309 2716 'lep
338 2694 347 2703 .

173 1882 176 1886 .
234 1851 383 1889 euitatrs
401 1849 563 1887 Materni
590 1847 728 1886 infidiis
742 1874 753 1892 ,
781 1847 922 1886 maiore
940 1849 977 1886 se
1000 1848 1161 1887 custodia
1179 1849 1368 1886 muniebat
1384 1865 1396 1885 :
1423 1862 1524 1887 rarus
1544 1849 1674 1900 prodi-

973 1967 1081 2065 SthPQ
1107 1964 1180 2003 for.
1203 1964 1393 2016 summum*
1411 1967 1494 2005 1³01.
1519 1964 1674 2016 scripfit.

1023 2084 1061 2130 q)
1089 2080 1216 2119 diuina
1243 2082 1401 2130 quadam
1432 2081 1471 2120 vi
1502 2081 1608 2127 fecit,
1633 2094 1681 2124 vt,

973 2130 1176 2168 subfisteret
1221 2131 1437 2181 nauigium:
1483 2132 1576 2168 adeo
1616 2144 1674 2174 ut,
1730 2174 1733 2175 ⁷

973 2192 1088 2228 quum
1098 2182 1214 2228 longo
1226 2191 1394 2227 tempore
1406 2181 1564 2217 Romani
1578 2192 1674 2219 cun-

972 2230 1037 2266 &is
1057 2231 1176 2266 totius
1189 2229 1322 2277 populi
1343 2229 1481 2266 viribus
1499 2230 1675 2268 illudtra·

971 2279 1119 2316 herent,
1132 2279 1221 2314 limo
1246 2278 1450 2320 renitente,
1469 2291 1549 2315 non
1570 2281 1673 2325 prius

971 2329 1285 2375 proveherentur,
1313 2338 1421 2372 quam
1450 2327 1539 2365 deae
1557 2329 1671 2366 sacer-

970 2377 1062 2419 dos,
1097 2387 1191 2425 quae
1211 2375 1362 2412 Vestalis
1397 2387 1495 2420 erat,
1523 2377 1671 2416 aduecta

973 2424 1069 2463 effer,
1100 2425 1223 2473 Steph.

1023 2493 1059 2538 r)
1087 2490 1227 2529 exorari
1247 2489 1282 2525 se
1313 2488 1446 2528 fineret
1464 2491 1670 2543 nauigium.

973 2541 1094 2578 Facile
1113 2549 1234 2595 autern
1253 2539 1303 2594 id,
1333 2540 1523 2589 postquam
1543 2541 1670 2592 alliga·
1723 2574 1725 2576 .

974 2604 1009 2629 ta
1033 2601 1131 2627 zona
1150 2590 1248 2630 tunt,
1275 2592 1440 2627 secutum
1457 2591 1519 2629 est.
1547 2592 1666 2645 Steph-

1016 2658 1052 2702 s)
1076 2651 1305 2704 pudicitiam.
1330 2656 1472 2696 Memm-
