1707 3029
573 116 887 167 L‘IBER
965 120 1061 165 VI.
1445 130 1540 165 101

104 245 145 274 et
181 233 254 270 iter
283 232 438 269 habebat
475 231 706 280 impeditius.
779 230 1006 270 Nuntiatum
1033 230 1120 267 dein
1149 225 1339 279 Persarum
1369 228 1445 279 regi
1476 229 1545 270 est,
1570 240 1614 275 14

104 287 147 326 α.)
159 283 369 327 {exercitum
392 282 544 317 alterurn
570 282 914 323 Romanorum,
936 281 1158 317 Parthorum
1191 281 1227 316 in
1251 291 1376 328 agros,
1399 290 1468 325 qua
1501 279 1546 314 ad

103 333 290 368 orientem
312 331 474 377 spectant
489 357 497 370 .
526 331 707 377 impetum
728 330 859 367 feeiss'e.
911 331 1033 376 Qare
1055 340 1225 365 metuens
1246 342 1294 365 nc
1323 330 1463 364 Parthis
1490 327 1544 363 fa·
1567 337 1612 372 15

102 381 174 418 cile
199 380 397 426 superum,
426 391 513 416 mox
537 379 572 415 in
601 379 750 415 Pernam
773 379 1033 427 grassarentur,
1069 378 1203 414 relictis
1235 378 1354 423 copiis
1384 388 1545 424 quantae

103 430 148 467 ud
167 429 342 466 tuendam
364 428 526 465 Mediam
547 427 629 464 satis
659 429 740 464 fore
768 429 1012 469 videbantur,
1043 427 1118 473 ipse
1139 425 1229 463 'cum
1263 438 1347 462 toto
1374 426 1544 462 exercitu

101 479 149 515 ad
172 478 330 515 orientis
352 489 470 524 partes
490 478 726 514 accelerabat.
779 480 975 514 Caeterum
995 476 1179 514 exercitus
1205 479 1413 513 Romanus,
1441 487 1543 509 com·
1568 476 1613 512 16

101 539 259 576 parente
279 540 319 562 ac
351 538 580 575 repugnante
611 528 717 562 nullo
745 527 998 576 negligentius
1026 525 1095 562 iter
1123 525 1304 565 faciebat,
1342 536 1440 560 rarus
1460 524 1547 560 Ale·-

41 615 44 618 Δ
100 576 281 614 xandrum
302 588 386 612 cum
409 587 516 613 tertia
541 588 644 621 parte
667 577 857 622 copiarum
876 587 971 624 quae
1001 573 1176 611 maximae
1209 573 1547 619 valentiffimaeque

100 626 240 668 forent,
264 626 305 662 in
326 624 468 661 medios
487 625 676 660 incurriffe
699 626 883 662 barbaros.
935 626 1064 671 Itaque
1085 624 1150 669 τε.)
1181 621 1431 664 restitantibus
1460 621 1547 662 illis,

103 686 216 721 atque
236 674 285 710 ob
307 673 342 711 id
363 675 564 710 exercitum
583 675 858 711 retentantibue
873 701 882 716 ‚
912 673 1066 710 minime
1086 672 1146 708 libi
1179 671 1454 720 properandum
1480 682 1548 717 pu-

100 725 243 763 tabant.
269 723 382 771 vtqui
401 724 439 759 se
451 733 554 760 tutos
565 724 779 759 crederent:
811 723 1026 768 praestituto
1048 733 1152 758 antea
1174 722 1274 762 loco,
1302 721 1340 756 in
1361 733 1470 766 quem
1484 731 1546 766 pa·
1569 733 1614 766 17

101 773 194 822 aiter
217 771 374 809 vniuerli
391 772 430 813 a)
457 785 541 809 cum
563 772 693 819 praeda
714 773 833 809 abacta
848 796 857 813 ,
881 771 1115 819 captiuisque
1133 772 1328 812 omnibus,
1365 767 1547 805 conueni-

103 832 201 859 rent.
248 822 321 858 Sed
341 834 404 857 eos
426 822 636 857 Alexander
657 820 814 858 fefellit:
849 833 973 869 neque
995 821 1092 856 enim
1115 831 1176 857 aut
1205 819 1282 868 ipse
1310 820 1434 859 venit,
1484 819 1611 861 aut'1g

104 870 310 908 exercitum
332 869 506 911 adduxit,
542 870 729 907 incertum
755 881 908 907 metune
940 868 1119 917 proprio,
1151 876 1212 905 'ne
1240 868 1318 917 ipse
1348 866 1547 913 imperium

100 920 349 958 tuendo-vite
372 920 662 967 periclitaretur,
699 933 743 956 an
767 919 852 967 quia
884 930 999 955 mater
1029 916 1260 960 retinuerit,‘
1284 916 1454 953 muliebri
1488 927 1548 961 pa-

104 980 250 1005 voreet.
275 967 531 1005 charitatefilii
554 969 683 1007 nimia,
733 968 921 1015 Siquidem
934 967 1176 1004 omnesillius
1189 966 1387 1015 generosos
1401 964 1549 1012 spiritus
1573 979 1614 1013 ¹9
1634 996 1640 1002 .

106 1017 351 1060 retundebat,
384 1019 418 1064 b)
445 1018 599 1055 suadens
619 1018 709 1052 alios
730 1018 858 1064 potius
894 1017 1075 1063 periculis:
1087 1025 1313 1064 exponeret,
1338 1027 1448 1063 quam
1472 1013 1550 1060 ipse

103 1068 144 1104 in
165 1068 242 1102 acie
261 1064 482 1103 consisteret.
534 1068 642 1110 Quae
663 1078 719 1102 res
739 1067 943 1105 exercitum
966 1067 1177 1102 Romanum
1198 1064 1291 1101 fines
1310 1065 1549 1104 barbarorum

104 1116 300 1164 ingressum
317 1142 327 1157 ,
355 1115 514 1162 planec)
545 1114 723 1162 prodidit.
776 1116 924 1161 Etenim
945 1115 1132 1152 Persarum
1150 1127 1212 1151 rex
1234 1114 1407 1149 omnibus
1424 1111 1548 1160 copiis
1568 1126 1616 1153 20

104 1177 302 1202 occurrens
320 1164 527 1211 imparatis.
550 1163 780 1211 minimeque
810 1165 1111 1210 expectantibus,
1138 1161 1309 1211 quasique
1330 1163 1425 1197 intra
1456 1160 1550 1197 retia

102 1215 145 1255 d)
168 1215 338 1261 vndique
356 1213 606 1254 concludens,
633 1213 832 1262 etsagittis
849 1222 976 1260 petens
994 1225 1145 1248 omnem
1168 1213 1420 1248 Romanorum
1445 1222 1550 1246 exet·

103 1262 219 1299 citum
240 1261 464 1310 profligauit.
517 1262 673 1309 Quippe
703 1260 809 1307 pauci
837 1261 1006 1307 plurimis
1037 1261 1193 1297 resistere
1224 1260 1322 1296 haud
1358 1271 1549 1306 poterant,

100 1312 322 1357 semperque
343 1313 459 1348 nudas
478 1312 645 1357 corporis
674 1322 796 1356 partes
815 1310 923 1346 armis
947 1310 1116 1346 aduersus
1135 1311 1317 1355 impeturn
1337 1308 1550 1355 sagittarum

107 1362 381 1408 protegebant:
411 1360 496 1395 satis
519 1359 703 1405 praeclare
723 1359 778 1408 agi
802 1359 926 1395 secum
955 1359 1226 1399 existimantes,
1261 1358 1286 1394 fi
1312 1360 1419 1396 nulla
1451 1358 1551 1393 edita
1608 1394 1614 1398 ,

107 1421 232 1457 pugna
258 1408 392 1462 integri
419 1408 649 1446 receffiffent.
702 1409 775 1444 Sed
797 1421 912 1456 quum
935 1408 1153 1456 aliquandiu
1177 1408 1382 1453 confertim
1409 1404 1550 1454 clypeis
1570 1415 1614 1441 21

103 1457 283 1506 sesequali
296 1468 402 1494 muro
423 1456 760 1503 circumsepsiffent,
787 1470 900 1506 atque
911 1471 1040 1494 omnes
1063 1457 1230 1503 Vndique
1247 1457 1350 1492 velut
1369 1457 1451 1493 vrbs
1483 1455 1551 1491 ali-

104 1520 175 1555 qua
196 1518 505 1556 oppugnarentur
523 1508 943 1554 consauciarenturque2
971 1509 1119 1543 tandem
1151 1507 1212 1543 vbi
1235 1505 1300 1541 diu
1322 1505 1472 1541 fortiter
1493 1518 1552 1540 re—

104 1557 288 1598 stiterant,
306 1555 502 1593 occidione
515 1557 742 1593 occiderunt.
767 1559 900 1605 Ingens
918 1558 1010 1593 haec
1023 1555 1232 1597 calamitas,
1260 1567 1300 1593 et
1316 1555 1436 1602 qualis
1449 1555 1552 1589 nulla
1572 1564 1617 1588 22

103 1604 214 1643 facile
227 1617 464 1648 memoratur,
489 1607 522 1652 e)
548 1605 879 1648 Romanisincidir,
904 1605 1029 1650 amiffo
1042 1606 1189 1653 ingenti
1202 1604 1383 1644 exercitu.
1411 1608 1468 1640 vel
1481 1602 1553 1638 fide

106 1655 164 1692 vel
188 1657 320 1691 robore
340 1654 495 1692 cuilibet
512 1656 753 1704 antiquorum
766 1655 994 1691 exercituum
1015 1654 1265 1692 conferendo:
1294 1655 1431 1690 Persam
1461 1663 1552 1689 vero
1574 1662 1617 1699 23

97 1703 204 1755 fastu
222 1714 259 1741 et
281 1703 464 1742 maiorum
484 1705 546 1754 spe
564 1717 684 1743 rerum
705 1703 879 1752 impleuit
897 1712 1081 1742 tantarum
1100 1703 1275 1741 successus
1293 1712 1431 1739 rerum.

798 1829 866 1865 vl.

179 1923 247 1949 uae
267 1912 326 1950 vbi
347 1913 518 1953 nuntiata
537 1914 752 1951 Alexandro
777 1914 876 1955 sunt,
903 1912 1104 1963 grauiffime
1124 1924 1217 1950 tunc
1238 1911 1462 1962 aegrotanti,
1482 1909 1557 1947 line

205 1975 251 2001 ex
271 1974 441 2002 moerore
462 1963 600 2003 animi,
630 1963 700 2010 siue
727 1964 925 1999 insolentia
948 1963 1060 2003 caeli,
1100 1973 1181 1999 cum
1219 1962 1295 2009 ipse
1322 1961 1421 1998 tulit‘
1444 1962 1559 1996 mole·

107 2012 275 2052 stiffime,
325 2015 405 2047 tum
441 2011 624 2048 exercitus
655 2012 781 2049 omnis
826 2013 989 2060 grauiter
1035 2012 1253 2058 imperatori
1301 2010 1553 2046 succensebat.

108 2060 262 2108 Qippe
284 2058 394 2103 ipfius
413 2060 606 2096 mendacio
621 2085 631 2102 ‚
657 2061 811 2097 minime
830 2061 936 2107 lignis
956 2061 1128 2101 seruatis,
1155 2060 1328 2107 proditos
1349 2060 1392 2095 ab
1414 2058 1555 2093 eosuoe

109 2109 249 2146 milites
270 2107 498 2146 diffltabant.
550 2110 749 2146 Caeterum
768 2110 999 2150 Alexander,
1029 2107 1152 2146 morbi
1172 2107 1342 2156 caelique
1371 2105 1470 2143 illius
1499 2118 1557 2142 ae·
1603 2118 1625 2146 a

159 2234 210 2281 z)
248 2231 361 2269 aliurn
392 2233 497 2269 Rom.
523 2232 727 2269 exercitum
772 2233 810 2269 in
860 2232 937 2280 ipso
959 2232 1170 2278 periclitari,
1197 2245 1276 2270 non
1298 2244 1421 2269 autem
1441 2230 1563 2279 ipsum

111 2292 216 2331 parte
234 2281 404 2318 orientali
434 2282 601 2318 Parthiae
631 2282 811 2330 conspici,
861 2282 900 2318 in
922 2283 1036 2317 aciem
1059 2282 1216 2329 prodire.
1264 2282 1379 2318 Stevh.

110 2344 151 2370 et
178 2331 217 2367 in
252 2331 447 2378 planitiem
474 2330 720 2368 incursionem
760 2332 813 2368 fa·
911 2332 946 2375 e)
979 2332 1056 2367 Pol.
1078 2343 1170 2377 puto
1193 2330 1364 2378 scriptiise
1384 2331 1563 2380 perdidit,

111 2392 208 2418 cere.
250 2380 366 2429 Steph.
564 2399 567 2404 ·
863 2381 964 2428 quod
984 2382 1137 2416 verbum
1159 2391 1199 2417 et
1228 2381 1311 2416 loco
1339 2391 1467 2426 aptum
1500 2380 1565 2423 est,

163 2430 228 2477 zz)
255 2429 327 2465 illis
355 2428 488 2466 infesto
524 2430 699 2467 exercitui
724 2430 813 2467 sem·
863 2441 902 2466 et
922 2430 1082 2466 Graecae
1103 2429 1188 2466 voci
1211 2431 1322 2478 plane
1352 2429 1566 2476 respondet.

112 2491 182 2530 per
205 2478 480 2519 obnitentibus,
507 2479 649 2515 Memm.
865 2479 984 2527 Steph.

157 2529 198 2577 a)
229 2528 345 2564 cantis
369 2529 542 2565 omnibus
561 2528 690 2564 obuiis
703 2539 814 2575 atque
914 2529 951 2572 d)
1005 2536 1270 2577 vsquequaque
1322 2528 1566 2572 circumdans,

113 2577 154 2616 in
200 2577 322 2613 medio
367 2575 493 2625 politis
546 2578 814 2618 conuenirent,
867 2574 1009 2612 Memm.

112 2628 254 2664 Memm.
915 2627 947 2671 e)
973 2625 1223 2662 Romanorum
1237 2626 1406 2663 fortunas
1426 2630 1569 2664 retroe'·

146 2672 190 2726 ὅ)
217 2675 442 2725 persuadens
459 2675 736 2726 oporterealios
748 2687 814 2723 pro
867 2673 943 2722 git,
968 2676 1148 2714 Budaeus.
1172 2677 1266 2724 Sytb.
