1707 3029
370 133 802 180 IMPERATORES
842 134 1078 179 NOTAE.
1364 144 1383 174 1
1399 142 1464 188 49

351 246 406 283 Ni
436 244 540 281 vitiis
575 244 703 291 peiora
718 243 852 290 fouens

451 295 640 341 Proprium
661 293 797 342 deserat
815 304 942 331 ortum.

99 373 103 376 .
147 355 222 386 na,
233 356 266 390 4.
311 345 451 392 Ἀρετῆς
472 347 508 381 δὲ
526 340 636 384 πάσης
657 342 773 387 ἔμελεν
793 343 898 390 αὐτῷ)
926 340 1058 378 Aurel.
1078 341 1219 378 Viuor.
1245 340 1313 390 Iste
1337 342 1460 377 virtu·

22 405 97 434 tum
113 394 286 436 omnium,
309 394 531 443 caelestisque
553 394 691 437 ingenii
709 394 848 443 exstitit
866 391 1038 440 defensor.
1084 402 1122 427 et
1142 390 1218 437 ipse
1237 394 1283 428 de
1312 391 1348 427 se
1378 389 1460 436 ipso

22 445 86 482 lib.
104 444 132 479 Ι.
160 455 191 480 c.
209 444 253 479 ll.
281 441 376 489 παραὶ
394 445 438 479 τέ
459 442 594 486 οἷδελφέ
616 452 654 477 et
675 455 706 477 c.
760 447 793 478 A
802 443 940 489 fratre
960 443 1100 481 Seuero,
1120 452 1274 476 amorem
1286 440 1458 488 familia-

19 494 139 535 rium,
165 502 201 528 et
224 492 399 528 veritatis
417 501 452 526 et
464 490 645 540 justitiae,
672 492 791 527 didici.
837 492 927 528 Rara
947 500 1046 526 certe
1067 490 1144 526 auis
1163 490 1201 524 in
1223 489 1329 525 terris
1353 488 1459 535 prin-

20 543 117 590 cipis
137 540 218 577 talis
235 564 246 582 ,
271 541 336 588 qui
359 552 580 588 magnopere
600 540 758 589 virtutes
778 541 966 577 exercuit:
995 551 1080 575 cum
1104 539 1141 573 in
1163 538 1279 574 veteri
1299 537 1342 574 fit
1373 550 1458 573 ver-

20 592 92 632 bo,
122 603 192 626 nec
207 589 424 627 auctoritare
444 601 594 626 carente
611 601 681 625 nec
706 589 872 630 leuentu,
918 589 1074 625 alienam
1105 587 1280 624 virtutem
1309 586 1457 635 regibus

20 640 91 678 else
109 639 414 679 formidolosam,
440 639 525 687 quia
546 637 608 685 ipsi
630 651 646 673 a
664 638 803 674 virtute
831 639 1042 675 abhorrent.

29 717 44 720 -
137 700 168 731 π,
182 702 215 730 2,
225 702 257 733 4.
281 685 399 732 Λόγων
415 705 454 725 τε
473 684 700 733 ἅρχαιᾶτητος
719 685 756 730 ἦν
775 684 913 734 ε’ᾳαςιῖς)
943 686 1068 723 Aurel.
1092 686 1237 722 Vistor.
1300 686 1461 722 Littera·

18 751 98 776 rum
121 740 343 775 Graecarum
362 748 443 773 erat
456 733 696 784 peritiffimus.
745 738 924 785 Athenag.
955 736 1167 783 Philosoph.
1198 734 1235 770 in
1268 733 1458 783 legatione

16 801 84 834 pro
109 786 346 828 Christianis,
374 787 416 822 ad
438 788 608 823 Marcum
631 798 669 821 et
688 787 829 822 Verum
860 785 1113 833 imperatores.
1173 782 1246 821 οἶδα
1272 786 1362 831 γάρ,
1402 781 1454 821 ἔτι

15 838 92 877 ὅσον
111 848 149 874 et
160 849 191 872 c.
219 847 313 882 quae
335 837 408 882 seq.
454 837 559 882 Qae
578 835 626 870 ita
645 834 787 871 latine:
835 837 934 872 Noui
951 835 1041 872 enim
1060 846 1145 876 vos,
1171 844 1339 882 quantum
1370 842 1461 878 pru-

17 888 139 925 dentia
154 886 265 933 fimul
292 895 329 921 et
358 886 504 933 imperio
528 885 722 932 praestatis
750 885 929 925 omnibus,
967 893 1107 921 tantum
1135 885 1244 920 etiam
1280 882 1458 932 exquisita

7 937 242 987 scientiarum
260 934 458 982 cognitione
476 935 668 971 excellere3
694 934 750 969 ita
769 934 808 969 in
815 934 973 983 singulis
988 934 1132 980 pariter
1146 931 1350 980 sapientiae
1367 940 1458 975 par-

17 987 112 1024 tibus
131 985 260 1021 eximie
279 982 460 1030 versatos,
499 993 542 1018 vt
565 982 628 1032 qui
649 995 757 1018 vnam
785 987 968 1020 duntaxat
988 984 1142 1032 aliquam
1144 982 1218 1027 fibi
1233 982 1456 1018 excolendam

17 1037 242 1082 delegerunt,
266 1033 375 1069 etiam
394 1034 473 1069 illos
490 1033 529 1068 in
548 1032 613 1068 hac
629 1031 703 1079 ipsa
728 1042 840 1080 parte
860 1032 1048 1081 superetis.
1113 1033 1202 1068 Non
1235 1031 1367 1067 iniuria
1395 1029 1458 1067 hic

17 1085 211 1132 quisquam
233 1093 409 1129 quaerere
427 1081 566 1129 poffet,
594 1092 684 1116 num
707 1081 886 1118 affiduum
910 1081 1003 1118 illud
1035 1080 1240 1117 litterarum
1272 1092 1313 1115 ac
1340 1078 1460 1116 scien-

16 1135 149 1170 tiarum
170 1130 326 1167 studium
346 1143 423 1166 non
444 1130 610 1166 videatur
632 1129 832 1176 imperanti
855 1143 933 1166 non
963 1130 1082 1165 solum
1113 1130 1355 1170 indecorum,
1389 1141 1458 1164 ve-

14 1196 96 1220 rum
115 1181 227 1218 etiam
246 1180 340 1215 circa
362 1178 490 1215 altiora
523 1191 563 1214 ac
591 1177 727 1226 majora
756 1178 984 1225 reipublicae
1012 1189 1216 1225 occupato,
1257 1178 1456 1215 illicitum?

13 1234 70 1268 lta
88 1230 212 1266 censet
236 1231 376 1264 Seneca
394 1227 503 1272 Epist.
527 1235 584 1266 88.
635 1230 697 1263 An
718 1236 757 1262 tu
777 1228 985 1276 existumas,
1013 1240 1087 1263 eum
1118 1227 1454 1276 reprehendendum,

13 1279 304 1331 quifitperuacua
325 1276 472 1323 vsuſsbi
487 1287 693 1324 comparat,
720 1286 754 1312 et
768 1275 1006 1326 pretiosarum
1027 1289 1146 1312 rerum
1164 1284 1323 1323 pompam
1342 1275 1379 1310 in
1392 1276 1457 1310 do-

10 1343 65 1366 mo
85 1328 266 1375 explicat:
294 1337 361 1360 non
374 1335 485 1375 putas
504 1337 600 1364 eum,
625 1326 687 1373 qui
702 1335 888 1374 occupatus
919 1326 965 1375 est
993 1327 1031 1361 in
1057 1324 1274 1373 superuacua
1304 1325 1459 1360 littera-

13 1391 91 1415 rum
103 1374 347 1426 supellel‘lile?
395 1375 481 1411 Plus
490 1372 585 1423 scire
600 1377 713 1416 velle,
736 1387 839 1423 quam
849 1375 903 1421 fit
923 1375 1037 1425 satis,
1074 1374 1374 1424 intemperantiae
1386 1385 1457 1421 ge-

15 1441 78 1465 nus
97 1425 156 1474 est.
186 1434 225 1461 et
247 1422 355 1471 Epist.
381 1427 459 1460 [οό.
506 1423 801 1474 Qemadmodum
819 1425 968 1460 omnium
990 1436 1136 1465 rerum,
1165 1424 1222 1471 fic
1243 1425 1456 1459 litterarum

10 1486 142 1526 quoque
161 1474 438 1522 intemperantia
454 1473 680 1514 laboramus,
708 1485 776 1510 non
795 1474 916 1515 vitae,
929 1473 1001 1522 sed
1007 1472 1145 1522 scholae
1166 1474 1205 1509 di
1220 1473 1341 1510 cimus.
1389 1473 1460 1508 At-

10 1539 86 1572 que
108 1526 174 1560 hac
193 1524 338 1559 rarione
358 1522 567 1569 reprehensi
587 1523 831 1569 imperatores
855 1522 1028 1569 plurimi,
1054 1523 1153 1570 quod
1175 1522 1332 1558 nimium
1352 1521 1456 1558 litte-

12 1577 63 1613 ris
83 1585 266 1610 vacarent.
318 1570 532 1608 Hadrianus
552 1570 733 1619 Princeps
752 1585 769 1607 a
793 1573 992 1609 nonnullis
1021 1573 1218 1609 Graeculus
1248 1571 1457 1610 dicebatur,

12 1623 115 1673 quod
138 1621 335 1669 impenfius
355 1620 506 1658 Graecis
525 1619 650 1656 studiis
671 1621 759 1657 effet
779 1621 967 1663 imbutus,
1010 1633 1051 1659 vt
1081 1621 1206 1658 scribit
1235 1620 1453 1667 Spartianus

10 1672 52 1709 in
74 1672 154 1708 eius
173 1671 262 1709 vita.
309 1671 361 1707 ob
379 1671 535 1707 eandem
554 1669 741 1708 affestatae
772 1670 876 1717 supra
909 1670 1063 1707 modum
1088 1670 1276 1708 doetrinae
1305 1668 1455 1714 culpam

11 1723 176 1759 lulianus
195 1721 368 1765 Apostata
388 1720 545 1755 Graecus
566 1719 709 1756 audiuit
734 1719 879 1761 literis,
923 1720 1012 1758 teste
1047 1719 1234 1757 Ammian.
1281 1716 1451 1754 Marcell.

11 1771 93 1808 libr.
117 1781 171 1812 ¹7-
223 1771 372 1807 Marcus
391 1769 610 1805 Antoninus
631 1780 694 1815 per
716 1768 918 1805 ludibrium
941 1769 1194 1817 aquibusdam
1215 1766 1453 1803 vocatusfuit

11 1817 219 1867 dialogista,
275 1819 378 1866 quod
402 1817 504 1854 libris
533 1830 572 1854 et
597 1817 755 1865 dialogis
776 1817 1057 1854 conscribendis
1072 1830 1221 1867 operam
1241 1816 1365 1855 daret3
1400 1815 1452 1850 itt

9 1869 157 1904 Vulcat.
186 1866 396 1903 Gallicanus
415 1866 454 1902 in
480 1867 556 1903 vita
576 1866 704 1903 Auidii
726 1865 851 1903 Caffii:
880 1869 955 1903 Nec
972 1868 1133 1914 defuere,
1159 1868 1220 1916 qui
1238 1866 1337 1902 illum
1349 1865 1452 1901 Cati·

8 1918 118 1954 linum
137 1926 308 1952 vocarent
321 1930 332 1950 .-
358 1928 460 1963 quum
482 1925 517 1950 et
535 1914 604 1964 ipse
613 1914 654 1961 se
673 1916 729 1952 ita
743 1918 921 1964 gauderet
939 1918 1117 1964 appellari
1128 1942 1137 1956 ,
1183 1917 1317 1952 addens
1341 1915 1446 1959 futu-

9 1963 139 2063 runssse
158 1966 341 2014 Sergium,
365 1965 406 2011 st
420 1965 643 2014 dialogistam
673 1965 867 2014 occidzſjet,
903 1968 1124 2003 Antoninum
1152 1966 1214 2000 hoc
1242 1964 1377 2000 nomine
1396 1961 1451 2010 st-

32 2029 69 2052 nt
94 2026 190 2051 cans.

2 2029 29 2066 g
152 2061 208 2098 Est
227 2062 340 2109 igitur
360 2073 512 2102 eorum,
542 2062 606 2108 qui
628 2062 801 2109 Reipubl.
821 2074 947 2099 curam
975 2062 1239 2108 susceperunt.
1265 2058 1450 2097 eruditio-

9 2126 120 2153 nem,
151 2122 327 2157 tanquam
346 2111 459 2146 animi
479 2111 640 2151 cultum,
678 2121 861 2157 quatenus
890 2123 1009 2158 opuS,
1048 2124 1087 2147 et
1114 2111 1158 2146 ad
1187 2123 1287 2149 rem,
1333 2120 1450 2155 atque

9 2163 112 2199 vsum
133 2160 317 2206 pertinet,
343 2159 528 2196 assumere.
592 2160 705 2205 Qod
734 2159 858 2196 fecere
878 2159 1003 2205 Scipio
1026 2160 1088 2196 ille
1120 2159 1318 2207 posterior,
1356 2159 1458 2193 cor-‘

8 2212 87 2249 nel.
108 2209 230 2256 Sylla,
256 2207 478 2255 Pompeius,
505 2208 701 2249 Lucullus,
728 2208 883 2249 Caesar,
911 2208 1058 2255 aliique.
1117 2210 1175 2244 De
1199 2204 1350 2244 Heluid.
1369 2205 1449 2242 Pri-

10 2262 72 2299 sco
96 2258 248 2296 testatur
271 2259 358 2295 Tac.
378 2256 502 2292 histor.
517 2269 550 2300 4.
589 2258 772 2304 Ingenium
791 2257 925 2305 illustre
943 2256 1134 2293 altioribus
1152 2256 1284 2306 studiis
1311 2256 1448 2292 iuuenis

6 2310 188 2348 admodum
207 2307 304 2342 dedit
317 2322 327 2341 .-
357 2320 423 2342 non
441 2317 483 2341 vt
498 2307 681 2355 plerique,
707 2316 751 2342 vt
771 2308 907 2343 nomine
926 2308 1107 2356 magnifico
1121 2306 1230 2355 fi’gM
1258 2306 1365 2342 otium
1387 2317 1451 2341 ve-

8 2361 125 2399 laret,
143 2355 210 2404 sed
224 2368 288 2403 quo
302 2356 448 2404 firmior
468 2357 635 2404 aduersus
647 2355 814 2402 fortuita
848 2357 1020 2401 Rempubl.
1048 2355 1246 2404 capeffiret.
1317 2354 1448 2390 Exem-

11 2409 86 2456 plar
106 2403 334 2454 principibus
356 2404 445 2439 viris
468 2416 508 2439 ac
528 2406 650 2453 regula
672 2404 744 2441 hoc
764 2405 804 2441 in
825 2406 978 2452 negotio
999 2405 1208 2453 propolitus
1229 2403 1271 2440 lit
1293 2414 1446 2453 magnus

1 2457 71 2495 >ille
84 2454 267 2503 Agricola,
291 2453 354 2500 qui
362 2452 659 2503 studio-scientiae
661 2453 883 2503 flagrantem
894 2455 1047 2491 animum
1057 2454 1225 2501 coifi-cuit,
1250 2455 1446 2501 tenuitque,

8 2507 102 2556 quod
115 2504 162 2553 est
179 2503 418 2546 difficillimum
430 2526 440 2544 ,
468 2515 512 2538 ex
524 2502 706 2550 sapientia
735 2505 878 2540 modum.

147 2564 178 2594 Ι,
191 2564 223 2592 2,
237 2564 267 2595 5.
311 2556 465 2597 Παρεῖχε
484 2555 519 2589 δὲ
538 2561 593 2588 xx}
611 2557 681 2593 τοῖς
703 2552 904 2598 ἀρχομένοις
927 2551 1049 2589 εἀυτδν
1066 2552 1212 2594 ἐπιεικῆ,
1237 2559 1290 2589 καὶ
1310 2557 1445 2596 μέτριον

9 2605 152 2646 βασιλέα
174 2613 211 2637 et
233 2613 327 2648 quae
347 2601 437 2648 seq.)
467 2601 593 2636 Aurel.
616 2601 715 2637 Vist-
763 2602 831 2637 Hic
846 2603 1006 2649 permisit
1026 2603 1120 2638 viris
1137 2601 1373 2641 clarioribus,
1400 2606 1445 2634 vt

6 2650 166 2685 conuiuia
185 2652 295 2686 eodem
315 2652 431 2691 cultu,
458 2663 524 2697 quo
552 2649 643 2699 ipse,
670 2659 706 2685 et
725 2649 899 2698 ministris
907 2652 1082 2697 similibus
1111 2651 1329 2686 exhiberent.
1373 2649 1447 2684 Eu-

7 2706 103 2744 trop.
150 2699 217 2735 Hic
244 2712 319 2736 cum
337 2699 491 2737 omnibus
512 2701 638 2738 Romae
659 2712 768 2748 aequo
774 2698 864 2747 jure
887 2702 982 2750 egit,
1008 2702 1060 2738 acl
1074 2700 1204 2737 nullam
1221 2699 1442 2749 insolentiam
