1707 3140
136 307 758 370 HERODIANI
832 307 1431 370 HISTORIAE

743 446 771 473 D
801 445 825 473 Ε

57 519 279 560 IMPERIO
309 520 448 561 POST
483 519 737 570 MARCVM,
773 521 876 559 VEL
908 519 981 558 DE
1015 518 1129 560 SVIS
1160 520 1503 564 TEMPORIBVS

535 611 762 649 121an
835 612 1007 650 V111.

273 713 664 772 ANGELO
741 712 1282 766 POLITIANO

498 845 517 872 1
548 846 580 872 N
614 846 646 872 rr
679 845 701 872 E
735 844 763 872 R
794 844 815 872 P
843 845 872 872 R
903 843 926 871 ε
950 844 981 871 T
1013 846 1068 884 E,

146 920 322 1001 (CVM
389 947 1015 990 CASTIGATIONIBVS
1083 946 1407 1006 ALIORVM.)

366 1055 691 1102 LIBER
772 1055 1186 1102 PRIMVS.

538 1183 1009 1242 P'RooEMlvm.

51 1262 207 1378 Gai
232 1299 272 1347 a)
303 1311 360 1336 res
382 1299 553 1348 antiquas
575 1299 728 1347 posteris
762 1299 1034 1348 prodiderunt,
1068 1310 1308 1349 veteremque
1330 1296 1501 1337 historiae

193 1349 408 1385 memoriam
430 1362 610 1386 renouare
629 1349 747 1393 literis
769 1349 1000 1392 studuerunt,
1021 1348 1048 1384 ii
1065 1361 1196 1398 magna
1214 1364 1258 1388 ex
1279 1361 1395 1397 parte,
1408 1350 1498 1386 dum

48 1398 183 1435 famam
205 1397 428 1435 eruditionis
440 1398 625 1440 affestant.
653 1412 867 1446 nomenque
886 1399 988 1436 suum
1005 1411 1191 1436 conantur
1214 1400 1257 1435 ab
1277 1399 1413 1436 iniuria
1434 1400 1500 1436 ob-

49 1449 205 1486 liuionis
224 1449 394 1490 merere,
423 1448 547 1484 minus
578 1449 662 1485 sane
686 1450 841 1485 multam
869 1449 909 1484 in
931 1448 1007 1485 veri
1030 1449 1358 1498 peruestigatione,
1385 1460 1496 1496 quarn

49 1499 91 1536 in
122 1497 335 1546 exornanda
363 1500 699 1547 componendaque
729 1498 899 1534 oratione
930 1498 1143 1538 industriam
1172 1500 1399 1546 posuerunt:
1426 1498 1496 1534 rati
1514 1511 1538 1536 2

49 1547 203 1590 scilicet,
236 1559 359 1595 neque
377 1547 402 1583 fi
423 1547 514 1595 quid
536 1548 574 1583 in
597 1550 708 1589 rebus
727 1560 744 1583 a
765 1547 830 1584 suo
848 1547 970 1584 seculo
999 1547 1245 1584 remotiffimis
1264 1547 1342 1584 falfi
1363 1547 1497 1593 prode-

50 1610 174 1638 retur,
201 1597 300 1644 posse
333 1597 476 1640 refelli,
509 1607 548 1634 et
576 1597 612 1632 se
635 1610 760 1634 tamen
784 1597 966 1633 suauitate
988 1596 1211 1634 narrationis
1240 1597 1498 1644 ampliffimum

48 1647 181 1685 laboris
202 1646 423 1695 ingeniique
442 1646 495 1684 sui
515 1646 674 1684 frustum
696 1658 958 1695 percepturos:
983 1645 1045 1682 alii
1067 1659 1169 1690 vero,
1195 1647 1349 1694 priuatis
1373 1646 1496 1682 inimi·
1517 1655 1536 1694 3

50 1697 164 1738 estiis,
191 1707 516 1745 tyrannorumque
535 1696 624 1733 odio
647 1696 840 1744 ρτουεξίἰ,Δ
858 1707 920 1732 aut
942 1696 981 1732 in
1004 1696 1133 1733 laudes
1153 1697 1377 1743 principum,
1405 1694 1496 1732 ciui-

49 1757 190 1787 tatum,
227 1746 536 1794 priuatorumque
568 1744 787 1786 hominum,
817 1744 1030 1782 immodicis
1049 1745 1355 1782 assentationibus
1381 1743 1496 1786 effusi,

49 1806 184 1833 tenues
211 1808 276 1845 per
307 1795 344 1832 se
379 1808 435 1832 res
470 1807 583 1843 atque
611 1796 792 1836 humiles,
830 1794 1010 1832 scribendi
1035 1806 1161 1832 tamen
1191 1793 1348 1830 artificio
1383 1794 1498 1843 longe

49 1847 85 1893 b)
104 1846 206 1893 sup‘ra
235 1844 312 1881 veri
344 1843 454 1882 fidem
479 1845 716 1882 sustulerunt.
769 1846 847 1893 firgo
873 1857 961 1880 vero
983 1856 1124 1887 contra,
1153 1857 1231 1880 non
1254 1844 1407 1890 quidem
1438 1856 1493 1879 ac·
1512 1854 1539 1889 4

0 1917 3 1920 -
50 1907 197 1943 ceptam
225 1896 268 1931 ab
297 1894 398 1937 aliis,
435 1907 498 1932 aut
523 1895 757 1943 incognitam
779 1905 843 1931 aut
863 1896 896 1940 c)
923 1894 1074 1929 testibus
1105 1905 1277 1941 egentem
1296 1892 1498 1934 historiam,

48 1945 115 1982 sed
136 1955 280 1986 eorum,
298 1942 365 1991 qui
385 1945 534 1993 legent,
559 1943 739 1988 (sensibus
762 1944 899 1990 adhuc)
924 1943 1201 1992 memoriaeque
1219 1944 1354 1978 recenti
1371 1944 1500 1978 inhae-

48 2004 209 2036 rentem,
234 1993 372 2029 summa
389 1995 446 2030 vel
465 1993 538 2030 fide
560 1994 620 2030 vel
644 1993 840 2043 diligentia
868 1992 1075 2035 comestam,
1097 1991 1403 2030 conscribendam
1422 1990 1495 2029 sus-

93 2111 132 2156 a)
155 2107 330 2157 Plerique
350 2122 492 2151 eorum,
519 2109 583 2158 qui
601 2108 641 2146 in
660 2121 748 2146 con·
797 2107 936 2146 etiamfi
954 2107 1046 2157 quid
1064 2106 1218 2146 fabuloli
1235 2118 1499 2150 memorarent,

47 2158 206 2210 gerenda
252 2158 398 2195 historia
443 2170 592 2206 tempus
636 2169 748 2205 atque
798 2171 901 2199 eam,
948 2170 1044 2205 quae
1089 2157 1304 2194 auditorum
1349 2157 1500 2194 auribus

44 2221 194 2257 operam
219 2206 433 2256 posuerunt,
455 2221 494 2245 et
512 2219 635 2244 rerum
656 2219 748 2254 qua·
795 2207 1062 2254 perciperetur,
1082 2206 1312 2253 voluptatem
1331 2206 1499 2244 fruauo-

41 2257 224 2298 tundam..
253 2257 343 2294 olim
373 2257 575 2305 gestarum,
605 2269 749 2293 memo-
797 2255 870 2292 sam
891 2255 955 2292 libi
974 2255 1078 2293 fore:
1102 2268 1210 2304 quam
1231 2268 1354 2293 autern
1373 2256 1498 2293 exafke

41 2308 138 2345 ⁴riam
165 2320 346 2344 renovare
362 2307 593 2349 studuerunt,
619 2304 749 2350 sempi-
798 2304 935 2355 lingula
955 2305 1228 2348 examinassent,
1249 2318 1326 2342 non
1346 2304 1498 2353 inquili-

0 2395 1 2398 ,
43 2368 190 2394 ternam
217 2357 443 2394 eruditionis
470 2356 616 2393 laudem
635 2355 749 2392 ambi·
797 2368 875 2392 tum
903 2355 966 2391 iri.
1016 2355 1086 2391 Sed
1118 2355 1223 2392 aliter
1252 2356 1362 2392 etiam
1395 2353 1496 2402 posse

0 2440 1 2444 ,
44 2419 166 2449 entes,
189 2408 265 2453 (ne,
284 2405 308 2442 fi
330 2419 506 2448 tacerent,
526 2407 598 2442 hoc
618 2405 744 2442 incau-
797 2407 908 2442 verba
941 2404 1116 2452 postrema
1138 2403 1210 2453 legi
1234 2404 1428 2446 videntur,
1455 2415 1496 2440 vt

43 2456 93 2495 tis
113 2457 365 2505 contingeret,
389 2467 432 2492 ut
452 2455 565 2503 aliqui
590 2469 609 2491 e
630 2454 742 2504 vulgo
795 2454 924 2492 notavi
953 2456 994 2491 ad
1014 2455 1081 2491 Gr.
1111 2465 1223 2502 marg.
1275 2454 1395 2502 Steph.

10 2531 12 2536 ι
42 2506 324 2552 censerentur‚)
364 2506 560 2542 veritatem
592 2503 744 2552 quidem
842 2506 876 2549 b)
896 2506 1013 2552 Supra
1026 2502 1389 2552 verumsustttlerunt.
1409 2502 1496 2540 Alio

43 2553 86 2591 in
115 2555 306 2592 narrandis
344 2557 454 2592 rebus
483 2555 744 2602 neglexerunt,
793 2566 915 2592 autem
935 2554 1037 2591 sensu
1062 2551 1266 2602 dici,fi1pra
1287 2553 1495 2601 verifidem,

41 2616 126 2655 nor}
153 2605 344 2641 minimam
375 2617 465 2641 vero
502 2606 597 2641 circa
629 2615 744 2652 genus
795 2602 905 2640 docui
937 2604 976 2640 in
1006 2604 1115 2640 Thes.
1143 2604 1210 2640 Gr.
1233 2604 1259 2638 l.
1287 2603 1327 2639 in
1356 2605 1495 2649 μείζων.

26 2653 191 2700 ,dicendi
212 2666 251 2691 et
277 2654 514 2691 vocalitatem
542 2666 664 2690 curam
685 2653 745 2689 ad·
793 2653 910 2700 Steph.

28 2701 258 2754 ‘hibuerunn
332 2701 585 2743 Confidebant
630 2703 746 2747 enim,
838 2706 874 2747 c)
902 2701 1073 2741 Testibus
1094 2711 1292 2739 carentem,
1319 2700 1440 2751 Steph.
