<?xml version="1.0" encoding="UTF-8"?>
<!DOCTYPE html PUBLIC "-//W3C//DTD XHTML 1.0 Transitional//EN"
    "http://www.w3.org/TR/xhtml1/DTD/xhtml1-transitional.dtd">
<html xmlns="http://www.w3.org/1999/xhtml" xml:lang="en" lang="en">
 <head>
  <title>
</title>
<meta http-equiv="Content-Type" content="text/html;charset=utf-8" />
  <meta name='ocr-system' content='tesseract 3.04.00' />
  <meta name='ocr-capabilities' content='ocr_page ocr_carea ocr_par ocr_line ocrx_word'/>
</head>
<body>
  <div class='ocr_page' id='page_1' title='image "./historiarumlibri04hero_0033.png"; bbox 0 0 1707 3140; ppageno 0'>
   <div class='ocr_carea' id='block_1_1' title="bbox 613 65 1545 124">
    <p class='ocr_par' dir='ltr' id='par_1_1' title="bbox 613 65 1545 124">
     <span class='ocr_line' id='line_1_1' title="bbox 613 65 1545 124; baseline -0.005 -14"><span class='ocrx_word' id='word_1_1' title='bbox 613 65 1036 111; x_wconf 69' lang='lat' dir='ltr'>LIBERL</span> <span class='ocrx_word' id='word_1_2' title='bbox 1516 82 1545 124; x_wconf 80' lang='lat'><em>7</em></span> 
     </span>
    </p>
   </div>
   <div class='ocr_carea' id='block_1_2' title="bbox 15 174 1586 1657">
    <p class='ocr_par' dir='ltr' id='par_1_2' title="bbox 15 174 1586 1657">
     <span class='ocr_line' id='line_1_2' title="bbox 89 174 1540 228; baseline 0.003 -14"><span class='ocrx_word' id='word_1_3' title='bbox 89 175 259 214; x_wconf 85' lang='lat' dir='ltr'>omnium</span> <span class='ocrx_word' id='word_1_4' title='bbox 279 174 423 224; x_wconf 84' lang='lat' dir='ltr'>copiam</span> <span class='ocrx_word' id='word_1_5' title='bbox 443 185 556 223; x_wconf 86' lang='lat' dir='ltr'>atque</span> <span class='ocrx_word' id='word_1_6' title='bbox 575 176 802 214; x_wconf 75' lang='lat' dir='ltr'>affluentiam</span> <span class='ocrx_word' id='word_1_7' title='bbox 823 175 995 213; x_wconf 88' lang='lat' dir='ltr'>ferebant</span> <span class='ocrx_word' id='word_1_8' title='bbox 1014 176 1198 215; x_wconf 73' lang='lat' dir='ltr'>laudibus.</span> <span class='ocrx_word' id='word_1_9' title='bbox 1251 179 1311 217; x_wconf 90' lang='lat' dir='ltr'>Ad</span> <span class='ocrx_word' id='word_1_10' title='bbox 1331 179 1420 217; x_wconf 79' lang='lat' dir='ltr'>haec</span> <span class='ocrx_word' id='word_1_11' title='bbox 1440 181 1540 228; x_wconf 86' lang='lat' dir='ltr'>ripas</span> 
     </span>
     <span class='ocr_line' id='line_1_3' title="bbox 84 224 1533 277; baseline 0.002 -14"><span class='ocrx_word' id='word_1_12' title='bbox 84 224 174 268; x_wconf 73' lang='lat' dir='ltr'>istri,</span> <span class='ocrx_word' id='word_1_13' title='bbox 198 235 239 262; x_wconf 84' lang='lat' dir='ltr'>vt</span> <span class='ocrx_word' id='word_1_14' title='bbox 258 227 291 272; x_wconf 88' lang='lat' dir='ltr'>s)</span> <span class='ocrx_word' id='word_1_15' title='bbox 320 225 424 261; x_wconf 89' lang='lat' dir='ltr'>omni</span> <span class='ocrx_word' id='word_1_16' title='bbox 443 236 615 271; x_wconf 87' lang='lat' dir='ltr'>tempore</span> <span class='ocrx_word' id='word_1_17' title='bbox 635 224 892 262; x_wconf 87' lang='lat' dir='ltr'>incommodas</span> <span class='ocrx_word' id='word_1_18' title='bbox 909 226 1184 273; x_wconf 80' lang='lat' dir='ltr'>vituperabant,</span> <span class='ocrx_word' id='word_1_19' title='bbox 1213 239 1306 276; x_wconf 81' lang='lat' dir='ltr'>quae</span> <span class='ocrx_word' id='word_1_20' title='bbox 1325 241 1447 277; x_wconf 84' lang='lat' dir='ltr'>neque</span> <span class='ocrx_word' id='word_1_21' title='bbox 1467 242 1533 276; x_wconf 87' lang='lat' dir='ltr'>po-</span> 
     </span>
     <span class='ocr_line' id='line_1_4' title="bbox 83 272 1533 325; baseline 0 -14"><span class='ocrx_word' id='word_1_22' title='bbox 83 273 239 314; x_wconf 86' lang='lat' dir='ltr'>miferos</span> <span class='ocrx_word' id='word_1_23' title='bbox 258 274 436 312; x_wconf 75' lang='lat' dir='ltr'>haberent</span> <span class='ocrx_word' id='word_1_24' title='bbox 459 272 635 316; x_wconf 74' lang='lat' dir='ltr'>frutices,</span> <span class='ocrx_word' id='word_1_25' title='bbox 665 285 705 310; x_wconf 89' lang='lat' dir='ltr'>et</span> <span class='ocrx_word' id='word_1_26' title='bbox 734 274 925 322; x_wconf 85' lang='lat' dir='ltr'>perpetuis</span> <span class='ocrx_word' id='word_1_27' title='bbox 951 274 1134 323; x_wconf 79' lang='lat' dir='ltr'>rigoribus</span> <span class='ocrx_word' id='word_1_28' title='bbox 1161 277 1402 325; x_wconf 85' lang='lat' dir='ltr'>nubibusque</span> <span class='ocrx_word' id='word_1_29' title='bbox 1433 278 1533 315; x_wconf 81' lang='lat' dir='ltr'>obti.</span> 
     </span>
     <span class='ocr_line' id='line_1_5' title="bbox 82 323 1571 376; baseline 0.003 -16"><span class='ocrx_word' id='word_1_30' title='bbox 82 333 274 360; x_wconf 73' lang='lat' dir='ltr'>ner-entur.</span> <span class='ocrx_word' id='word_1_31' title='bbox 327 325 576 372; x_wconf 80' lang='lat' dir='ltr'><em>Nunquamne,</em></span> <span class='ocrx_word' id='word_1_32' title='bbox 595 323 807 372; x_wconf 83' lang='lat' dir='ltr'>imperator,</span> <span class='ocrx_word' id='word_1_33' title='bbox 825 324 1006 368; x_wconf 82' lang='lat' dir='ltr'>(aiebant)</span> <span class='ocrx_word' id='word_1_34' title='bbox 1027 335 1227 361; x_wconf 77' lang='lat' dir='ltr'>concretam</span> <span class='ocrx_word' id='word_1_35' title='bbox 1242 329 1328 375; x_wconf 78' lang='lat' dir='ltr'>gelu</span> <span class='ocrx_word' id='word_1_36' title='bbox 1348 337 1454 376; x_wconf 85' lang='lat' dir='ltr'>atque</span> <span class='ocrx_word' id='word_1_37' title='bbox 1472 327 1528 374; x_wconf 86' lang='lat' dir='ltr'>ef·</span> <span class='ocrx_word' id='word_1_38' title='bbox 1546 341 1571 374; x_wconf 78' lang='grc'>4,</span> 
     </span>
     <span class='ocr_line' id='line_1_6' title="bbox 74 371 1570 424; baseline 0.003 -15"><span class='ocrx_word' id='word_1_39' title='bbox 74 371 207 422; x_wconf 76' lang='lat' dir='ltr'>foffam</span> <span class='ocrx_word' id='word_1_40' title='bbox 224 382 356 424; x_wconf 82' lang='lat' dir='ltr'>potare</span> <span class='ocrx_word' id='word_1_41' title='bbox 372 386 500 422; x_wconf 81' lang='lat' dir='ltr'>aquam</span> <span class='ocrx_word' id='word_1_42' title='bbox 518 372 676 418; x_wconf 78' lang='lat' dir='ltr'>defines?</span> <span class='ocrx_word' id='word_1_43' title='bbox 699 374 767 409; x_wconf 84' lang='lat' dir='ltr'>alii</span> <span class='ocrx_word' id='word_1_44' title='bbox 778 374 905 409; x_wconf 79' lang='lat' dir='ltr'><em>calidis</em></span> <span class='ocrx_word' id='word_1_45' title='bbox 917 373 1086 418; x_wconf 81' lang='lat' dir='ltr'>fontibus</span> <span class='ocrx_word' id='word_1_46' title='bbox 1103 375 1329 423; x_wconf 77' lang='lat' dir='ltr'>rium-umque</span> <span class='ocrx_word' id='word_1_47' title='bbox 1338 377 1526 424; x_wconf 78' lang='lat' dir='ltr'>fluentium</span> <span class='ocrx_word' id='word_1_48' title='bbox 1547 387 1570 421; x_wconf 81' lang='grc' dir='ltr'><strong><em>ς</em></strong></span> 
     </span>
     <span class='ocr_line' id='line_1_7' title="bbox 70 422 1570 472; baseline 0.003 -15"><span class='ocrx_word' id='word_1_49' title='bbox 70 422 243 471; x_wconf 68' lang='lat' dir='ltr'>frigore,</span> <span class='ocrx_word' id='word_1_50' title='bbox 264 423 432 472; x_wconf 68' lang='lat' dir='ltr'>aurisque</span> <span class='ocrx_word' id='word_1_51' title='bbox 449 431 484 458; x_wconf 83' lang='lat' dir='ltr'>et</span> <span class='ocrx_word' id='word_1_52' title='bbox 505 423 593 458; x_wconf 77' lang='lat' dir='ltr'>coelo</span> <span class='ocrx_word' id='word_1_53' title='bbox 612 422 672 458; x_wconf 76' lang='lat' dir='ltr'>illo</span> <span class='ocrx_word' id='word_1_54' title='bbox 684 424 867 469; x_wconf 81' lang='lat' dir='ltr'>fruentur</span> <span class='ocrx_word' id='word_1_55' title='bbox 886 423 1016 458; x_wconf 87' lang='lat' dir='ltr'>Italiae</span> <span class='ocrx_word' id='word_1_56' title='bbox 1029 424 1215 470; x_wconf 79' lang='lat' dir='ltr'><em>peculiari.</em></span> <span class='ocrx_word' id='word_1_57' title='bbox 1266 426 1298 469; x_wconf 89' lang='lat' dir='ltr'>t)</span> <span class='ocrx_word' id='word_1_58' title='bbox 1322 425 1405 461; x_wconf 80' lang='lat' dir='ltr'>Tali</span> <span class='ocrx_word' id='word_1_59' title='bbox 1429 425 1525 461; x_wconf 80' lang='lat' dir='ltr'>scili-</span> <span class='ocrx_word' id='word_1_60' title='bbox 1544 429 1570 462; x_wconf 88' lang='lat'>6</span> 
     </span>
     <span class='ocr_line' id='line_1_8' title="bbox 79 470 1525 521; baseline 0.001 -13"><span class='ocrx_word' id='word_1_61' title='bbox 79 483 140 508; x_wconf 89' lang='lat' dir='ltr'>cet</span> <span class='ocrx_word' id='word_1_62' title='bbox 163 470 417 510; x_wconf 73' lang='lat' dir='ltr'>illecebrarum</span> <span class='ocrx_word' id='word_1_63' title='bbox 448 470 664 513; x_wconf 84' lang='lat' dir='ltr'>mentione,</span> <span class='ocrx_word' id='word_1_64' title='bbox 688 471 853 518; x_wconf 85' lang='lat' dir='ltr'>(facile)</span> <span class='ocrx_word' id='word_1_65' title='bbox 887 471 1133 509; x_wconf 80' lang='lat' dir='ltr'>adolescentis</span> <span class='ocrx_word' id='word_1_66' title='bbox 1160 472 1320 511; x_wconf 82' lang='lat' dir='ltr'>animum</span> <span class='ocrx_word' id='word_1_67' title='bbox 1352 475 1525 521; x_wconf 79' lang='lat' dir='ltr'>volupta-</span> 
     </span>
     <span class='ocr_line' id='line_1_9' title="bbox 79 520 1568 568; baseline 0.002 -11"><span class='ocrx_word' id='word_1_68' title='bbox 79 532 160 557; x_wconf 86' lang='lat' dir='ltr'>tum</span> <span class='ocrx_word' id='word_1_69' title='bbox 188 520 424 568; x_wconf 82' lang='lat' dir='ltr'>cupidinibus</span> <span class='ocrx_word' id='word_1_70' title='bbox 447 520 702 558; x_wconf 79' lang='lat' dir='ltr'>incenderunt.</span> <span class='ocrx_word' id='word_1_71' title='bbox 756 523 885 568; x_wconf 89' lang='lat' dir='ltr'>Itaque</span> <span class='ocrx_word' id='word_1_72' title='bbox 911 521 1029 558; x_wconf 85' lang='lat' dir='ltr'>statim</span> <span class='ocrx_word' id='word_1_73' title='bbox 1057 523 1274 560; x_wconf 85' lang='lat' dir='ltr'>conuocatis</span> <span class='ocrx_word' id='word_1_74' title='bbox 1304 523 1444 564; x_wconf 88' lang='lat' dir='ltr'>amicis,</span> <span class='ocrx_word' id='word_1_75' title='bbox 1469 534 1524 560; x_wconf 48' lang='lat' dir='ltr'>teu</span> <span class='ocrx_word' id='word_1_76' title='bbox 1542 535 1568 568; x_wconf 83' lang='lat'><em>7</em></span> 
     </span>
     <span class='ocr_line' id='line_1_10' title="bbox 75 568 1566 620; baseline 0.001 -12"><span class='ocrx_word' id='word_1_77' title='bbox 75 569 157 608; x_wconf 85' lang='lat' dir='ltr'>neti</span> <span class='ocrx_word' id='word_1_78' title='bbox 184 568 221 606; x_wconf 88' lang='lat' dir='ltr'>se</span> <span class='ocrx_word' id='word_1_79' title='bbox 240 570 378 617; x_wconf 79' lang='lat' dir='ltr'>patriae</span> <span class='ocrx_word' id='word_1_80' title='bbox 396 568 573 607; x_wconf 67' lang='lat' dir='ltr'>desiderio</span> <span class='ocrx_word' id='word_1_81' title='bbox 594 582 673 605; x_wconf 89' lang='lat' dir='ltr'>non</span> <span class='ocrx_word' id='word_1_82' title='bbox 694 568 948 607; x_wconf 82' lang='lat' dir='ltr'>diffimulauit:</span> <span class='ocrx_word' id='word_1_83' title='bbox 974 570 1097 607; x_wconf 85' lang='lat' dir='ltr'>causas</span> <span class='ocrx_word' id='word_1_84' title='bbox 1119 580 1241 608; x_wconf 83' lang='lat' dir='ltr'>tamen</span> <span class='ocrx_word' id='word_1_85' title='bbox 1262 585 1335 609; x_wconf 83' lang='lat' dir='ltr'>tam</span> <span class='ocrx_word' id='word_1_86' title='bbox 1356 572 1521 620; x_wconf 82' lang='lat' dir='ltr'>repenti·</span> <span class='ocrx_word' id='word_1_87' title='bbox 1545 581 1566 615; x_wconf 72' lang='grc' dir='ltr'><strong><em>ς</em></strong></span> 
     </span>
     <span class='ocr_line' id='line_1_11' title="bbox 76 618 1521 670; baseline 0.001 -14"><span class='ocrx_word' id='word_1_88' title='bbox 76 631 146 656; x_wconf 86' lang='lat' dir='ltr'>nae</span> <span class='ocrx_word' id='word_1_89' title='bbox 177 618 397 656; x_wconf 86' lang='lat' dir='ltr'>mutationis</span> <span class='ocrx_word' id='word_1_90' title='bbox 426 618 535 655; x_wconf 81' lang='lat' dir='ltr'>fateri</span> <span class='ocrx_word' id='word_1_91' title='bbox 555 619 708 662; x_wconf 84' lang='lat' dir='ltr'>veritus,</span> <span class='ocrx_word' id='word_1_92' title='bbox 734 618 922 658; x_wconf 81' lang='lat' dir='ltr'>solicitum</span> <span class='ocrx_word' id='word_1_93' title='bbox 943 619 981 655; x_wconf 91' lang='lat' dir='ltr'>se</span> <span class='ocrx_word' id='word_1_94' title='bbox 1003 618 1126 657; x_wconf 79' lang='lat' dir='ltr'>aiebat</span> <span class='ocrx_word' id='word_1_95' title='bbox 1145 620 1226 662; x_wconf 80' lang='lat' dir='ltr'>effe,</span> <span class='ocrx_word' id='word_1_96' title='bbox 1249 635 1298 657; x_wconf 90' lang='lat' dir='ltr'>ne</span> <span class='ocrx_word' id='word_1_97' title='bbox 1317 621 1400 668; x_wconf 87' lang='lat' dir='ltr'>quis</span> <span class='ocrx_word' id='word_1_98' title='bbox 1428 633 1521 670; x_wconf 86' lang='lat' dir='ltr'>opu·</span> 
     </span>
     <span class='ocr_line' id='line_1_12' title="bbox 74 667 1523 717; baseline 0.001 -12"><span class='ocrx_word' id='word_1_99' title='bbox 74 669 158 707; x_wconf 82' lang='lat' dir='ltr'>lens</span> <span class='ocrx_word' id='word_1_100' title='bbox 177 681 220 705; x_wconf 89' lang='lat' dir='ltr'>ex</span> <span class='ocrx_word' id='word_1_101' title='bbox 241 668 439 706; x_wconf 78' lang='lat' dir='ltr'>nobilitate</span> <span class='ocrx_word' id='word_1_102' title='bbox 457 667 610 705; x_wconf 88' lang='lat' dir='ltr'>domum</span> <span class='ocrx_word' id='word_1_103' title='bbox 629 679 829 717; x_wconf 86' lang='lat' dir='ltr'>occuparet</span> <span class='ocrx_word' id='word_1_104' title='bbox 848 668 1047 715; x_wconf 84' lang='lat' dir='ltr'>principis:</span> <span class='ocrx_word' id='word_1_105' title='bbox 1075 669 1163 706; x_wconf 87' lang='lat' dir='ltr'>dein</span> <span class='ocrx_word' id='word_1_106' title='bbox 1184 670 1347 708; x_wconf 68' lang='lat' dir='ltr'>comestis</span> <span class='ocrx_word' id='word_1_107' title='bbox 1367 670 1523 714; x_wconf 86' lang='lat' dir='ltr'>viribus,</span> 
     </span>
     <span class='ocr_line' id='line_1_13' title="bbox 75 715 1561 767; baseline 0.001 -13"><span class='ocrx_word' id='word_1_108' title='bbox 75 716 173 765; x_wconf 81' lang='lat' dir='ltr'>quafi</span> <span class='ocrx_word' id='word_1_109' title='bbox 191 728 238 755; x_wconf 84' lang='lat' dir='ltr'>ex</span> <span class='ocrx_word' id='word_1_110' title='bbox 254 717 491 754; x_wconf 80' lang='lat' dir='ltr'>munitiffima</span> <span class='ocrx_word' id='word_1_111' title='bbox 511 729 593 754; x_wconf 86' lang='lat' dir='ltr'>arce</span> <span class='ocrx_word' id='word_1_112' title='bbox 614 717 792 754; x_wconf 87' lang='lat' dir='ltr'>summam</span> <span class='ocrx_word' id='word_1_113' title='bbox 816 715 882 754; x_wconf 83' lang='lat' dir='ltr'>fibi</span> <span class='ocrx_word' id='word_1_114' title='bbox 907 730 1029 754; x_wconf 87' lang='lat' dir='ltr'>rerum</span> <span class='ocrx_word' id='word_1_115' title='bbox 1058 716 1277 756; x_wconf 82' lang='lat' dir='ltr'>vindicaret.</span> <span class='ocrx_word' id='word_1_116' title='bbox 1308 720 1406 767; x_wconf 78' lang='lat' dir='ltr'>posse</span> <span class='ocrx_word' id='word_1_117' title='bbox 1428 720 1519 756; x_wconf 84' lang='lat' dir='ltr'>enim</span> <span class='ocrx_word' id='word_1_118' title='bbox 1539 732 1561 766; x_wconf 85' lang='lat'>9</span> 
     </span>
     <span class='ocr_line' id='line_1_14' title="bbox 75 766 1586 814; baseline 0.002 -10"><span class='ocrx_word' id='word_1_119' title='bbox 75 779 121 804; x_wconf 87' lang='lat' dir='ltr'>ex</span> <span class='ocrx_word' id='word_1_120' title='bbox 151 767 296 814; x_wconf 75' lang='lat' dir='ltr'>populo</span> <span class='ocrx_word' id='word_1_121' title='bbox 324 766 408 803; x_wconf 79' lang='lat' dir='ltr'>satis</span> <span class='ocrx_word' id='word_1_122' title='bbox 433 777 600 814; x_wconf 87' lang='lat' dir='ltr'>magnam</span> <span class='ocrx_word' id='word_1_123' title='bbox 625 767 701 804; x_wconf 85' lang='lat' dir='ltr'>vim</span> <span class='ocrx_word' id='word_1_124' title='bbox 732 766 961 803; x_wconf 66' lang='lat' dir='ltr'>detestorum</span> <span class='ocrx_word' id='word_1_125' title='bbox 981 766 1164 804; x_wconf 73' lang='lat' dir='ltr'>iuuenum</span> <span class='ocrx_word' id='word_1_126' title='bbox 1191 769 1357 806; x_wconf 76' lang='lat' dir='ltr'>conflari.</span> <span class='ocrx_word' id='word_1_127' title='bbox 1411 769 1518 807; x_wconf 67' lang='lat' dir='ltr'>Tatia</span> <span class='ocrx_word' id='word_1_128' title='bbox 1543 781 1586 807; x_wconf 83' lang='lat'>10</span> 
     </span>
     <span class='ocr_line' id='line_1_15' title="bbox 15 815 1518 863; baseline 0.001 -10"><span class='ocrx_word' id='word_1_129' title='bbox 15 840 19 844; x_wconf 28' lang='grc' dir='ltr'><strong><em>κ</em></strong></span> <span class='ocrx_word' id='word_1_130' title='bbox 74 816 246 854; x_wconf 82' lang='lat' dir='ltr'>causante</span> <span class='ocrx_word' id='word_1_131' title='bbox 265 816 349 858; x_wconf 82' lang='lat' dir='ltr'>ino,</span> <span class='ocrx_word' id='word_1_132' title='bbox 374 815 528 863; x_wconf 75' lang='lat' dir='ltr'>reliquis</span> <span class='ocrx_word' id='word_1_133' title='bbox 556 827 659 853; x_wconf 90' lang='lat' dir='ltr'>metu</span> <span class='ocrx_word' id='word_1_134' title='bbox 684 816 826 858; x_wconf 81' lang='lat' dir='ltr'>defixis,</span> <span class='ocrx_word' id='word_1_135' title='bbox 854 826 1066 863; x_wconf 83' lang='lat' dir='ltr'>terramque</span> <span class='ocrx_word' id='word_1_136' title='bbox 1083 817 1200 854; x_wconf 87' lang='lat' dir='ltr'>tacito</span> <span class='ocrx_word' id='word_1_137' title='bbox 1230 819 1337 856; x_wconf 82' lang='lat' dir='ltr'>vultu</span> <span class='ocrx_word' id='word_1_138' title='bbox 1359 818 1518 855; x_wconf 85' lang='lat' dir='ltr'>moesto-</span> 
     </span>
     <span class='ocr_line' id='line_1_16' title="bbox 74 865 1518 916; baseline 0.001 -14"><span class='ocrx_word' id='word_1_139' title='bbox 74 877 150 914; x_wconf 84' lang='lat' dir='ltr'>que</span> <span class='ocrx_word' id='word_1_140' title='bbox 168 865 421 906; x_wconf 84' lang='lat' dir='ltr'>intuentibus,</span> <span class='ocrx_word' id='word_1_141' title='bbox 450 865 601 914; x_wconf 85' lang='lat' dir='ltr'>surgens</span> <span class='ocrx_word' id='word_1_142' title='bbox 623 865 890 913; x_wconf 81' lang='lat' dir='ltr'>Pompeianus.</span> <span class='ocrx_word' id='word_1_143' title='bbox 919 866 982 912; x_wconf 80' lang='lat' dir='ltr'>qui</span> <span class='ocrx_word' id='word_1_144' title='bbox 1004 875 1044 902; x_wconf 87' lang='lat' dir='ltr'>et</span> <span class='ocrx_word' id='word_1_145' title='bbox 1064 876 1185 903; x_wconf 88' lang='lat' dir='ltr'>aetate</span> <span class='ocrx_word' id='word_1_146' title='bbox 1211 867 1378 916; x_wconf 72' lang='lat' dir='ltr'>reliquos</span> <span class='ocrx_word' id='word_1_147' title='bbox 1400 867 1518 904; x_wconf 75' lang='lat' dir='ltr'>antei-</span> 
     </span>
     <span class='ocr_line' id='line_1_17' title="bbox 73 913 1519 960; baseline -0.002 -7"><span class='ocrx_word' id='word_1_148' title='bbox 73 916 151 957; x_wconf 79' lang='lat' dir='ltr'>bat,</span> <span class='ocrx_word' id='word_1_149' title='bbox 172 926 212 952; x_wconf 79' lang='lat' dir='ltr'>et</span> <span class='ocrx_word' id='word_1_150' title='bbox 238 913 421 959; x_wconf 83' lang='lat' dir='ltr'>affinitate</span> <span class='ocrx_word' id='word_1_151' title='bbox 440 915 577 951; x_wconf 63' lang='lat' dir='ltr'>iunaus</span> <span class='ocrx_word' id='word_1_152' title='bbox 595 916 629 950; x_wconf 90' lang='lat' dir='ltr'>ei</span> <span class='ocrx_word' id='word_1_153' title='bbox 646 926 727 951; x_wconf 76' lang='lat' dir='ltr'>erat</span> <span class='ocrx_word' id='word_1_154' title='bbox 746 917 844 960; x_wconf 87' lang='lat' dir='ltr'>(nam</span> <span class='ocrx_word' id='word_1_155' title='bbox 868 914 1070 951; x_wconf 86' lang='lat' dir='ltr'>Commodi</span> <span class='ocrx_word' id='word_1_156' title='bbox 1101 915 1264 952; x_wconf 85' lang='lat' dir='ltr'>sororem</span> <span class='ocrx_word' id='word_1_157' title='bbox 1295 930 1384 954; x_wconf 85' lang='lat' dir='ltr'>natu</span> <span class='ocrx_word' id='word_1_158' title='bbox 1406 916 1519 953; x_wconf 81' lang='lat' dir='ltr'>maxi-</span> 
     </span>
     <span class='ocr_line' id='line_1_18' title="bbox 73 963 1517 1015; baseline 0.001 -15"><span class='ocrx_word' id='word_1_159' title='bbox 73 977 172 1002; x_wconf 83' lang='lat' dir='ltr'>marn</span> <span class='ocrx_word' id='word_1_160' title='bbox 198 965 238 1001; x_wconf 88' lang='lat' dir='ltr'>in</span> <span class='ocrx_word' id='word_1_161' title='bbox 268 963 549 1001; x_wconf 83' lang='lat' dir='ltr'>matrimonium</span> <span class='ocrx_word' id='word_1_162' title='bbox 577 964 771 1009; x_wconf 80' lang='lat' dir='ltr'>habebat‚)</span> <span class='ocrx_word' id='word_1_163' title='bbox 826 964 959 1000; x_wconf 73' lang='lat' dir='ltr'>Tenem·</span> <span class='ocrx_word' id='word_1_164' title='bbox 983 974 1020 1000; x_wconf 88' lang='lat' dir='ltr'>te</span> <span class='ocrx_word' id='word_1_165' title='bbox 1051 963 1232 1013; x_wconf 86' lang='lat' dir='ltr'>(inquit)</span> <span class='ocrx_word' id='word_1_166' title='bbox 1261 966 1282 1002; x_wconf 74' lang='grc'><strong><em>6</em></strong></span> <span class='ocrx_word' id='word_1_167' title='bbox 1301 967 1364 1015; x_wconf 82' lang='lat' dir='ltr'>fili</span> <span class='ocrx_word' id='word_1_168' title='bbox 1392 976 1427 1002; x_wconf 89' lang='lat' dir='ltr'>et</span> <span class='ocrx_word' id='word_1_169' title='bbox 1455 967 1517 1003; x_wconf 84' lang='lat' dir='ltr'>do-</span> 
     </span>
     <span class='ocr_line' id='line_1_19' title="bbox 71 1013 1517 1064; baseline 0 -14"><span class='ocrx_word' id='word_1_170' title='bbox 71 1014 178 1056; x_wconf 84' lang='lat' dir='ltr'>mine,</span> <span class='ocrx_word' id='word_1_171' title='bbox 198 1014 346 1063; x_wconf 85' lang='lat' dir='ltr'>patriae</span> <span class='ocrx_word' id='word_1_172' title='bbox 371 1013 555 1060; x_wconf 69' lang='lat' dir='ltr'>desiderio,</span> <span class='ocrx_word' id='word_1_173' title='bbox 582 1015 724 1050; x_wconf 85' lang='lat' dir='ltr'>minime</span> <span class='ocrx_word' id='word_1_174' title='bbox 743 1015 956 1050; x_wconf 66' lang='lat' dir='ltr'>mirandum</span> <span class='ocrx_word' id='word_1_175' title='bbox 1002 1014 1143 1063; x_wconf 72' lang='lat' dir='ltr'>Qippe</span> <span class='ocrx_word' id='word_1_176' title='bbox 1162 1017 1280 1052; x_wconf 85' lang='lat' dir='ltr'>eadem</span> <span class='ocrx_word' id='word_1_177' title='bbox 1299 1017 1336 1063; x_wconf 89' lang='lat' dir='ltr'>u)</span> <span class='ocrx_word' id='word_1_178' title='bbox 1356 1029 1417 1052; x_wconf 89' lang='lat' dir='ltr'>nos</span> <span class='ocrx_word' id='word_1_179' title='bbox 1436 1026 1517 1064; x_wconf 85' lang='lat' dir='ltr'>quo·</span> 
     </span>
     <span class='ocr_line' id='line_1_20' title="bbox 70 1061 1516 1114; baseline 0.003 -16"><span class='ocrx_word' id='word_1_180' title='bbox 70 1075 136 1113; x_wconf 82' lang='lat' dir='ltr'>que</span> <span class='ocrx_word' id='word_1_181' title='bbox 163 1075 283 1099; x_wconf 87' lang='lat' dir='ltr'>rerum</span> <span class='ocrx_word' id='word_1_182' title='bbox 307 1062 569 1111; x_wconf 77' lang='lat' dir='ltr'>domesticarum</span> <span class='ocrx_word' id='word_1_183' title='bbox 598 1064 717 1111; x_wconf 83' lang='lat' dir='ltr'>cupido</span> <span class='ocrx_word' id='word_1_184' title='bbox 736 1063 917 1112; x_wconf 83' lang='lat' dir='ltr'>solicitat:</span> <span class='ocrx_word' id='word_1_185' title='bbox 937 1061 1005 1112; x_wconf 81' lang='lat' dir='ltr'>sed</span> <span class='ocrx_word' id='word_1_186' title='bbox 1020 1064 1054 1099; x_wconf 89' lang='lat' dir='ltr'>ei</span> <span class='ocrx_word' id='word_1_187' title='bbox 1071 1072 1190 1100; x_wconf 83' lang='lat' dir='ltr'>tamen</span> <span class='ocrx_word' id='word_1_188' title='bbox 1209 1064 1409 1114; x_wconf 69' lang='lat' dir='ltr'>refistimus,</span> <span class='ocrx_word' id='word_1_189' title='bbox 1436 1078 1516 1114; x_wconf 85' lang='lat' dir='ltr'>quo·</span> 
     </span>
     <span class='ocr_line' id='line_1_21' title="bbox 71 1113 1519 1164; baseline 0.001 -16"><span class='ocrx_word' id='word_1_190' title='bbox 71 1113 170 1149; x_wconf 77' lang='lat' dir='ltr'>niam</span> <span class='ocrx_word' id='word_1_191' title='bbox 188 1113 333 1162; x_wconf 85' lang='lat' dir='ltr'>priores</span> <span class='ocrx_word' id='word_1_192' title='bbox 352 1121 480 1161; x_wconf 87' lang='lat' dir='ltr'>partes</span> <span class='ocrx_word' id='word_1_193' title='bbox 497 1122 611 1161; x_wconf 78' lang='lat' dir='ltr'>agunt</span> <span class='ocrx_word' id='word_1_194' title='bbox 636 1113 816 1161; x_wconf 74' lang='lat' dir='ltr'>magisque</span> <span class='ocrx_word' id='word_1_195' title='bbox 835 1113 1039 1148; x_wconf 83' lang='lat' dir='ltr'>incumbunt</span> <span class='ocrx_word' id='word_1_196' title='bbox 1063 1114 1158 1149; x_wconf 73' lang='lat' dir='ltr'>nobis</span> <span class='ocrx_word' id='word_1_197' title='bbox 1177 1125 1265 1161; x_wconf 78' lang='lat' dir='ltr'>quae</span> <span class='ocrx_word' id='word_1_198' title='bbox 1289 1115 1347 1150; x_wconf 88' lang='lat' dir='ltr'>hic</span> <span class='ocrx_word' id='word_1_199' title='bbox 1374 1114 1519 1164; x_wconf 82' lang='lat' dir='ltr'>expedi-</span> 
     </span>
     <span class='ocr_line' id='line_1_22' title="bbox 30 1160 1517 1213; baseline 0.001 -15"><span class='ocrx_word' id='word_1_200' title='bbox 30 1202 32 1204; x_wconf 13' lang='lat'>,</span> <span class='ocrx_word' id='word_1_201' title='bbox 71 1163 162 1199; x_wconf 78' lang='lat' dir='ltr'>enda</span> <span class='ocrx_word' id='word_1_202' title='bbox 180 1161 381 1210; x_wconf 83' lang='lat' dir='ltr'>supersum.</span> <span class='ocrx_word' id='word_1_203' title='bbox 435 1161 529 1196; x_wconf 87' lang='lat' dir='ltr'>Nam</span> <span class='ocrx_word' id='word_1_204' title='bbox 560 1162 633 1196; x_wconf 79' lang='lat' dir='ltr'>illis</span> <span class='ocrx_word' id='word_1_205' title='bbox 650 1162 788 1210; x_wconf 81' lang='lat' dir='ltr'>quidem</span> <span class='ocrx_word' id='word_1_206' title='bbox 809 1162 871 1198; x_wconf 84' lang='lat' dir='ltr'>vel</span> <span class='ocrx_word' id='word_1_207' title='bbox 886 1163 923 1196; x_wconf 89' lang='lat' dir='ltr'>in</span> <span class='ocrx_word' id='word_1_208' title='bbox 936 1160 1108 1209; x_wconf 86' lang='lat' dir='ltr'>posterum</span> <span class='ocrx_word' id='word_1_209' title='bbox 1129 1164 1171 1209; x_wconf 86' lang='lat' dir='ltr'>x)</span> <span class='ocrx_word' id='word_1_210' title='bbox 1192 1164 1327 1199; x_wconf 86' lang='lat' dir='ltr'>diutius</span> <span class='ocrx_word' id='word_1_211' title='bbox 1343 1165 1517 1213; x_wconf 86' lang='lat' dir='ltr'>perfrue-</span> 
     </span>
     <span class='ocr_line' id='line_1_23' title="bbox 71 1209 1518 1260; baseline 0.002 -14"><span class='ocrx_word' id='word_1_212' title='bbox 71 1212 145 1247; x_wconf 78' lang='lat' dir='ltr'>ris:</span> <span class='ocrx_word' id='word_1_213' title='bbox 172 1211 296 1258; x_wconf 84' lang='lat' dir='ltr'>(Roma</span> <span class='ocrx_word' id='word_1_214' title='bbox 317 1219 434 1246; x_wconf 85' lang='lat' dir='ltr'>autem</span> <span class='ocrx_word' id='word_1_215' title='bbox 461 1210 536 1245; x_wconf 83' lang='lat' dir='ltr'>illic</span> <span class='ocrx_word' id='word_1_216' title='bbox 557 1209 604 1260; x_wconf 77' lang='lat' dir='ltr'>est</span> <span class='ocrx_word' id='word_1_217' title='bbox 630 1211 694 1247; x_wconf 84' lang='lat' dir='ltr'>vbi</span> <span class='ocrx_word' id='word_1_218' title='bbox 719 1211 917 1258; x_wconf 85' lang='lat' dir='ltr'>imperator</span> <span class='ocrx_word' id='word_1_219' title='bbox 946 1210 1022 1260; x_wconf 72' lang='lat' dir='ltr'>est)</span> <span class='ocrx_word' id='word_1_220' title='bbox 1050 1220 1228 1248; x_wconf 81' lang='lat' dir='ltr'>caeterum</span> <span class='ocrx_word' id='word_1_221' title='bbox 1255 1213 1379 1248; x_wconf 82' lang='lat' dir='ltr'>bellum</span> <span class='ocrx_word' id='word_1_222' title='bbox 1408 1213 1518 1249; x_wconf 79' lang='lat' dir='ltr'>relin-</span> 
     </span>
     <span class='ocr_line' id='line_1_24' title="bbox 68 1260 1519 1310; baseline 0.001 -14"><span class='ocrx_word' id='word_1_223' title='bbox 68 1272 176 1309; x_wconf 78' lang='lat' dir='ltr'>quere</span> <span class='ocrx_word' id='word_1_224' title='bbox 196 1260 414 1300; x_wconf 73' lang='lat' dir='ltr'>inchoatum,</span> <span class='ocrx_word' id='word_1_225' title='bbox 438 1268 692 1308; x_wconf 81' lang='lat' dir='ltr'>praeterquam</span> <span class='ocrx_word' id='word_1_226' title='bbox 711 1261 808 1308; x_wconf 85' lang='lat' dir='ltr'>quod</span> <span class='ocrx_word' id='word_1_227' title='bbox 827 1260 1027 1305; x_wconf 72' lang='lat' dir='ltr'>indecorum</span> <span class='ocrx_word' id='word_1_228' title='bbox 1056 1260 1224 1304; x_wconf 78' lang='lat' dir='ltr'>videtur,</span> <span class='ocrx_word' id='word_1_229' title='bbox 1246 1262 1354 1298; x_wconf 84' lang='lat' dir='ltr'>etiam</span> <span class='ocrx_word' id='word_1_230' title='bbox 1379 1262 1519 1310; x_wconf 83' lang='lat' dir='ltr'>pericu-</span> 
     </span>
     <span class='ocr_line' id='line_1_25' title="bbox 68 1307 1584 1359; baseline 0 -14"><span class='ocrx_word' id='word_1_231' title='bbox 68 1308 174 1359; x_wconf 79' lang='lat' dir='ltr'>losum</span> <span class='ocrx_word' id='word_1_232' title='bbox 195 1307 269 1357; x_wconf 58' lang='lat' dir='ltr'>est«</span> <span class='ocrx_word' id='word_1_233' title='bbox 302 1309 441 1358; x_wconf 75' lang='lat' dir='ltr'>Quippe</span> <span class='ocrx_word' id='word_1_234' title='bbox 459 1308 645 1344; x_wconf 78' lang='lat' dir='ltr'>audaciam</span> <span class='ocrx_word' id='word_1_235' title='bbox 664 1309 831 1345; x_wconf 78' lang='lat' dir='ltr'>barbaris·</span> <span class='ocrx_word' id='word_1_236' title='bbox 856 1309 1064 1345; x_wconf 74' lang='lat' dir='ltr'>iniiciemus.</span> <span class='ocrx_word' id='word_1_237' title='bbox 1093 1323 1204 1358; x_wconf 83' lang='lat' dir='ltr'>neque</span> <span class='ocrx_word' id='word_1_238' title='bbox 1230 1311 1320 1346; x_wconf 83' lang='lat' dir='ltr'>enim</span> <span class='ocrx_word' id='word_1_239' title='bbox 1337 1311 1520 1347; x_wconf 83' lang='lat' dir='ltr'>remeandi</span> <span class='ocrx_word' id='word_1_240' title='bbox 1539 1320 1584 1356; x_wconf 83' lang='lat'>15</span> 
     </span>
     <span class='ocr_line' id='line_1_26' title="bbox 68 1355 1518 1407; baseline 0.002 -13"><span class='ocrx_word' id='word_1_241' title='bbox 68 1359 266 1407; x_wconf 81' lang='lat' dir='ltr'>cupiditate</span> <span class='ocrx_word' id='word_1_242' title='bbox 297 1355 462 1406; x_wconf 80' lang='lat' dir='ltr'>deeeffiffi</span> <span class='ocrx_word' id='word_1_243' title='bbox 493 1371 567 1398; x_wconf 78' lang='lat' dir='ltr'>nos,</span> <span class='ocrx_word' id='word_1_244' title='bbox 600 1359 670 1407; x_wconf 85' lang='lat' dir='ltr'>sed</span> <span class='ocrx_word' id='word_1_245' title='bbox 693 1358 868 1407; x_wconf 62' lang='lat' dir='ltr'>attfugiffi}</span> <span class='ocrx_word' id='word_1_246' title='bbox 896 1368 989 1394; x_wconf 82' lang='lat' dir='ltr'>metu</span> <span class='ocrx_word' id='word_1_247' title='bbox 1011 1359 1186 1406; x_wconf 80' lang='lat' dir='ltr'>perculsbs</span> <span class='ocrx_word' id='word_1_248' title='bbox 1224 1360 1518 1398; x_wconf 82' lang='lat' dir='ltr'>arbitrabuntur.</span> 
     </span>
     <span class='ocr_line' id='line_1_27' title="bbox 75 1406 1584 1459; baseline 0.001 -15"><span class='ocrx_word' id='word_1_249' title='bbox 75 1408 160 1444; x_wconf 86' lang='lat' dir='ltr'>Tibi</span> <span class='ocrx_word' id='word_1_250' title='bbox 178 1416 296 1444; x_wconf 81' lang='lat' dir='ltr'>autem</span> <span class='ocrx_word' id='word_1_251' title='bbox 317 1420 420 1456; x_wconf 90' lang='lat' dir='ltr'>quam</span> <span class='ocrx_word' id='word_1_252' title='bbox 431 1406 558 1454; x_wconf 82' lang='lat' dir='ltr'>fuerit</span> <span class='ocrx_word' id='word_1_253' title='bbox 573 1408 769 1455; x_wconf 84' lang='lat' dir='ltr'>pulchrum,</span> <span class='ocrx_word' id='word_1_254' title='bbox 791 1409 939 1445; x_wconf 66' lang='lat' dir='ltr'>devietis</span> <span class='ocrx_word' id='word_1_255' title='bbox 966 1407 1116 1457; x_wconf 62' lang='lat' dir='ltr'>postibus</span> <span class='ocrx_word' id='word_1_256' title='bbox 1141 1419 1248 1458; x_wconf 87' lang='lat' dir='ltr'>atque</span> <span class='ocrx_word' id='word_1_257' title='bbox 1267 1410 1410 1458; x_wconf 82' lang='lat' dir='ltr'>imperii</span> <span class='ocrx_word' id='word_1_258' title='bbox 1428 1411 1514 1459; x_wconf 83' lang='lat' dir='ltr'>fini·</span> <span class='ocrx_word' id='word_1_259' title='bbox 1539 1410 1584 1445; x_wconf 85' lang='lat'>16</span> 
     </span>
     <span class='ocr_line' id='line_1_28' title="bbox 67 1458 1516 1508; baseline 0.002 -14"><span class='ocrx_word' id='word_1_260' title='bbox 67 1459 130 1494; x_wconf 66' lang='lat' dir='ltr'>bus</span> <span class='ocrx_word' id='word_1_261' title='bbox 158 1459 212 1494; x_wconf 85' lang='lat' dir='ltr'>ad</span> <span class='ocrx_word' id='word_1_262' title='bbox 226 1459 400 1494; x_wconf 84' lang='lat' dir='ltr'>Oceanum</span> <span class='ocrx_word' id='word_1_263' title='bbox 418 1469 528 1505; x_wconf 80' lang='lat' dir='ltr'>vsque</span> <span class='ocrx_word' id='word_1_264' title='bbox 542 1458 768 1506; x_wconf 73' lang='lat' dir='ltr'>propagatis,</span> <span class='ocrx_word' id='word_1_265' title='bbox 799 1458 919 1494; x_wconf 83' lang='lat' dir='ltr'>redire</span> <span class='ocrx_word' id='word_1_266' title='bbox 943 1458 980 1494; x_wconf 79' lang='lat' dir='ltr'>in</span> <span class='ocrx_word' id='word_1_267' title='bbox 1001 1460 1124 1494; x_wconf 79' lang='lat' dir='ltr'>vrbem</span> <span class='ocrx_word' id='word_1_268' title='bbox 1148 1459 1411 1508; x_wconf 80' lang='lat' dir='ltr'>triumphanti,</span> <span class='ocrx_word' id='word_1_269' title='bbox 1437 1461 1516 1497; x_wconf 80' lang='lat' dir='ltr'>vin-</span> 
     </span>
     <span class='ocr_line' id='line_1_29' title="bbox 67 1507 1583 1558; baseline 0.001 -15"><span class='ocrx_word' id='word_1_270' title='bbox 67 1509 206 1556; x_wconf 63' lang='lat' dir='ltr'>nosque</span> <span class='ocrx_word' id='word_1_271' title='bbox 235 1517 270 1542; x_wconf 89' lang='lat' dir='ltr'>et</span> <span class='ocrx_word' id='word_1_272' title='bbox 297 1507 454 1555; x_wconf 78' lang='lat' dir='ltr'>captiuos</span> <span class='ocrx_word' id='word_1_273' title='bbox 487 1508 764 1556; x_wconf 75' lang='lat' dir='ltr'>praeteragenti</span> <span class='ocrx_word' id='word_1_274' title='bbox 795 1519 916 1556; x_wconf 78' lang='lat' dir='ltr'>reges,</span> <span class='ocrx_word' id='word_1_275' title='bbox 946 1507 1187 1558; x_wconf 83' lang='lat' dir='ltr'>satrapasque</span> <span class='ocrx_word' id='word_1_276' title='bbox 1213 1510 1399 1545; x_wconf 84' lang='lat' dir='ltr'>barbaros.</span> <span class='ocrx_word' id='word_1_277' title='bbox 1461 1510 1517 1545; x_wconf 79' lang='lat' dir='ltr'>his</span> <span class='ocrx_word' id='word_1_278' title='bbox 1541 1518 1583 1552; x_wconf 83' lang='lat'>17</span> 
     </span>
     <span class='ocr_line' id='line_1_30' title="bbox 64 1554 1516 1606; baseline 0.001 -13"><span class='ocrx_word' id='word_1_279' title='bbox 64 1557 159 1593; x_wconf 83' lang='lat' dir='ltr'>enim</span> <span class='ocrx_word' id='word_1_280' title='bbox 182 1556 336 1598; x_wconf 80' lang='lat' dir='ltr'>artibus,</span> <span class='ocrx_word' id='word_1_281' title='bbox 360 1557 544 1604; x_wconf 76' lang='lat' dir='ltr'>prioribus</span> <span class='ocrx_word' id='word_1_282' title='bbox 553 1554 694 1605; x_wconf 77' lang='lat' dir='ltr'>seculis,</span> <span class='ocrx_word' id='word_1_283' title='bbox 717 1557 867 1593; x_wconf 76' lang='lat' dir='ltr'>Romani</span> <span class='ocrx_word' id='word_1_284' title='bbox 891 1557 1065 1599; x_wconf 79' lang='lat' dir='ltr'>homines,</span> <span class='ocrx_word' id='word_1_285' title='bbox 1090 1558 1212 1606; x_wconf 74' lang='lat' dir='ltr'>magni</span> <span class='ocrx_word' id='word_1_286' title='bbox 1227 1568 1336 1606; x_wconf 83' lang='lat' dir='ltr'>atque</span> <span class='ocrx_word' id='word_1_287' title='bbox 1361 1559 1424 1594; x_wconf 83' lang='lat' dir='ltr'>illu</span> <span class='ocrx_word' id='word_1_288' title='bbox 1457 1571 1516 1594; x_wconf 79' lang='lat' dir='ltr'>res</span> 
     </span>
     <span class='ocr_line' id='line_1_31' title="bbox 66 1603 1581 1657; baseline 0.001 -15"><span class='ocrx_word' id='word_1_289' title='bbox 66 1603 264 1655; x_wconf 81' lang='lat' dir='ltr'>euaserunt.</span> <span class='ocrx_word' id='word_1_290' title='bbox 317 1606 426 1642; x_wconf 80' lang='lat' dir='ltr'>Nihil</span> <span class='ocrx_word' id='word_1_291' title='bbox 441 1605 488 1656; x_wconf 74' lang='lat' dir='ltr'>cst</span> <span class='ocrx_word' id='word_1_292' title='bbox 507 1616 624 1642; x_wconf 87' lang='lat' dir='ltr'>autem</span> <span class='ocrx_word' id='word_1_293' title='bbox 645 1607 741 1655; x_wconf 86' lang='lat' dir='ltr'>quod</span> <span class='ocrx_word' id='word_1_294' title='bbox 753 1618 919 1649; x_wconf 76' lang='lat' dir='ltr'>vereare,</span> <span class='ocrx_word' id='word_1_295' title='bbox 941 1620 983 1643; x_wconf 88' lang='lat' dir='ltr'>ne</span> <span class='ocrx_word' id='word_1_296' title='bbox 991 1609 1038 1653; x_wconf 83' lang='lat' dir='ltr'>y)</span> <span class='ocrx_word' id='word_1_297' title='bbox 1057 1618 1127 1654; x_wconf 85' lang='lat' dir='ltr'>qua</span> <span class='ocrx_word' id='word_1_298' title='bbox 1147 1608 1224 1643; x_wconf 84' lang='lat' dir='ltr'>illic</span> <span class='ocrx_word' id='word_1_299' title='bbox 1242 1620 1298 1644; x_wconf 79' lang='lat' dir='ltr'>res</span> <span class='ocrx_word' id='word_1_300' title='bbox 1319 1618 1401 1644; x_wconf 87' lang='lat' dir='ltr'>tuae</span> <span class='ocrx_word' id='word_1_301' title='bbox 1415 1608 1514 1657; x_wconf 77' lang='lat' dir='ltr'>peri.</span> <span class='ocrx_word' id='word_1_302' title='bbox 1538 1613 1581 1647; x_wconf 72' lang='lat'>18</span> 
     </span>
    </p>
   </div>
   <div class='ocr_carea' id='block_1_3' title="bbox 1540 880 1583 906">
    <p class='ocr_par' dir='ltr' id='par_1_3' title="bbox 1540 880 1583 906">
     <span class='ocr_line' id='line_1_32' title="bbox 1540 880 1583 906; baseline 0 0"><span class='ocrx_word' id='word_1_303' title='bbox 1540 880 1583 906; x_wconf 78' lang='lat'>11</span> 
     </span>
    </p>
   </div>
   <div class='ocr_carea' id='block_1_4' title="bbox 1539 975 1585 1208">
    <p class='ocr_par' dir='ltr' id='par_1_4' title="bbox 1539 975 1585 1208">
     <span class='ocr_line' id='line_1_33' title="bbox 1540 975 1585 1001; baseline 0.044 -2"><span class='ocrx_word' id='word_1_304' title='bbox 1540 975 1585 1001; x_wconf 74' lang='lat'>12</span> 
     </span>
     <span class='ocr_line' id='line_1_34' title="bbox 1540 1071 1582 1110; baseline 0 0"><span class='ocrx_word' id='word_1_305' title='bbox 1540 1071 1582 1110; x_wconf 81' lang='lat'>13</span> 
     </span>
     <span class='ocr_line' id='line_1_35' title="bbox 1539 1172 1584 1208; baseline 0 0"><span class='ocrx_word' id='word_1_306' title='bbox 1539 1172 1584 1208; x_wconf 81' lang='lat'>14</span> 
     </span>
    </p>
   </div>
   <div class='ocr_carea' id='block_1_5' title="bbox 6 1654 1514 1706">
    <p class='ocr_par' dir='ltr' id='par_1_5' title="bbox 6 1654 1514 1706">
     <span class='ocr_line' id='line_1_36' title="bbox 6 1654 1514 1706; baseline 0.001 -14"><span class='ocrx_word' id='word_1_307' title='bbox 6 1670 12 1673; x_wconf 57' lang='lat'><strong><em>⁴</em></strong></span> <span class='ocrx_word' id='word_1_308' title='bbox 65 1656 253 1693; x_wconf 83' lang='lat' dir='ltr'>clitentur.</span> <span class='ocrx_word' id='word_1_309' title='bbox 280 1669 364 1692; x_wconf 87' lang='lat' dir='ltr'>nam</span> <span class='ocrx_word' id='word_1_310' title='bbox 381 1665 414 1692; x_wconf 89' lang='lat' dir='ltr'>et</span> <span class='ocrx_word' id='word_1_311' title='bbox 444 1656 596 1705; x_wconf 87' lang='lat' dir='ltr'>optimus</span> <span class='ocrx_word' id='word_1_312' title='bbox 627 1656 771 1706; x_wconf 83' lang='lat' dir='ltr'>quisque</span> <span class='ocrx_word' id='word_1_313' title='bbox 785 1654 935 1704; x_wconf 60' lang='grc' dir='ltr'><em>[Μαῖαν</em></span> <span class='ocrx_word' id='word_1_314' title='bbox 964 1666 1076 1692; x_wconf 84' lang='lat' dir='ltr'>tecum</span> <span class='ocrx_word' id='word_1_315' title='bbox 1104 1657 1162 1692; x_wconf 80' lang='lat' dir='ltr'>hic</span> <span class='ocrx_word' id='word_1_316' title='bbox 1179 1657 1248 1706; x_wconf 86' lang='lat' dir='ltr'>est,</span> <span class='ocrx_word' id='word_1_317' title='bbox 1275 1667 1310 1692; x_wconf 89' lang='lat' dir='ltr'>et</span> <span class='ocrx_word' id='word_1_318' title='bbox 1334 1667 1514 1693; x_wconf 78' lang='lat' dir='ltr'>exercztus</span> 
     </span>
    </p>
   </div>
   <div class='ocr_carea' id='block_1_6' title="bbox 57 1704 1584 2196">
    <p class='ocr_par' dir='ltr' id='par_1_6' title="bbox 57 1704 1584 2196">
     <span class='ocr_line' id='line_1_37' title="bbox 64 1704 1581 1755; baseline 0 -15"><span class='ocrx_word' id='word_1_319' title='bbox 64 1704 253 1754; x_wconf 81' lang='lat' dir='ltr'>vniuersus</span> <span class='ocrx_word' id='word_1_320' title='bbox 282 1715 379 1742; x_wconf 85' lang='lat' dir='ltr'>tuum</span> <span class='ocrx_word' id='word_1_321' title='bbox 405 1718 524 1742; x_wconf 82' lang='lat' dir='ltr'>coram</span> <span class='ocrx_word' id='word_1_322' title='bbox 548 1714 756 1755; x_wconf 79' lang='lat' dir='ltr'>propugnat</span> <span class='ocrx_word' id='word_1_323' title='bbox 784 1706 981 1755; x_wconf 84' lang='lat' dir='ltr'>imperium.</span> <span class='ocrx_word' id='word_1_324' title='bbox 1048 1706 1147 1755; x_wconf 76' lang='lat' dir='ltr'>Qin</span> <span class='ocrx_word' id='word_1_325' title='bbox 1171 1707 1355 1742; x_wconf 82' lang='lat' dir='ltr'>aerarium</span> <span class='ocrx_word' id='word_1_326' title='bbox 1384 1719 1515 1755; x_wconf 78' lang='lat' dir='ltr'>quoque</span> <span class='ocrx_word' id='word_1_327' title='bbox 1538 1715 1581 1748; x_wconf 84' lang='lat'>19</span> 
     </span>
     <span class='ocr_line' id='line_1_38' title="bbox 61 1754 1584 1804; baseline -0.001 -13"><span class='ocrx_word' id='word_1_328' title='bbox 61 1755 279 1804; x_wconf 80' lang='lat' dir='ltr'>principalis</span> <span class='ocrx_word' id='word_1_329' title='bbox 300 1755 469 1803; x_wconf 84' lang='lat' dir='ltr'>pecuniae</span> <span class='ocrx_word' id='word_1_330' title='bbox 495 1755 670 1791; x_wconf 78' lang='lat' dir='ltr'>nobiscum</span> <span class='ocrx_word' id='word_1_331' title='bbox 698 1754 745 1804; x_wconf 69' lang='lat' dir='ltr'>est</span> <span class='ocrx_word' id='word_1_332' title='bbox 772 1767 882 1790; x_wconf 87' lang='lat' dir='ltr'>omne.</span> <span class='ocrx_word' id='word_1_333' title='bbox 935 1757 1001 1792; x_wconf 91' lang='lat' dir='ltr'>Ad</span> <span class='ocrx_word' id='word_1_334' title='bbox 1023 1755 1107 1792; x_wconf 83' lang='lat' dir='ltr'>haec</span> <span class='ocrx_word' id='word_1_335' title='bbox 1122 1756 1246 1803; x_wconf 82' lang='lat' dir='ltr'>patris</span> <span class='ocrx_word' id='word_1_336' title='bbox 1274 1757 1329 1792; x_wconf 82' lang='lat' dir='ltr'>tui</span> <span class='ocrx_word' id='word_1_337' title='bbox 1345 1757 1513 1793; x_wconf 83' lang='lat' dir='ltr'>memoria</span> <span class='ocrx_word' id='word_1_338' title='bbox 1534 1765 1584 1792; x_wconf 87' lang='lat'>20</span> 
     </span>
     <span class='ocr_line' id='line_1_39' title="bbox 66 1804 1515 1854; baseline -0.001 -11"><span class='ocrx_word' id='word_1_339' title='bbox 66 1814 252 1843; x_wconf 63' lang='lat' dir='ltr'>aeternam</span> <span class='ocrx_word' id='word_1_340' title='bbox 274 1805 341 1841; x_wconf 86' lang='lat' dir='ltr'>tibi</span> <span class='ocrx_word' id='word_1_341' title='bbox 369 1805 468 1853; x_wconf 86' lang='lat' dir='ltr'>apud</span> <span class='ocrx_word' id='word_1_342' title='bbox 478 1804 667 1854; x_wconf 56' lang='lat' dir='ltr'>potestates</span> <span class='ocrx_word' id='word_1_343' title='bbox 694 1805 868 1852; x_wconf 82' lang='lat' dir='ltr'>quaslibet</span> <span class='ocrx_word' id='word_1_344' title='bbox 887 1805 996 1853; x_wconf 87' lang='lat' dir='ltr'>fidem</span> <span class='ocrx_word' id='word_1_345' title='bbox 1021 1816 1129 1853; x_wconf 85' lang='lat' dir='ltr'>atque</span> <span class='ocrx_word' id='word_1_346' title='bbox 1158 1806 1429 1842; x_wconf 71' lang='lat' dir='ltr'>beneuolentiam</span> <span class='ocrx_word' id='word_1_347' title='bbox 1457 1818 1515 1841; x_wconf 84' lang='lat' dir='ltr'>ro-</span> 
     </span>
     <span class='ocr_line' id='line_1_40' title="bbox 66 1853 1580 1902; baseline -0.001 -11"><span class='ocrx_word' id='word_1_348' title='bbox 66 1853 221 1891; x_wconf 76' lang='lat' dir='ltr'>borauit.</span> <span class='ocrx_word' id='word_1_349' title='bbox 274 1857 401 1902; x_wconf 83' lang='lat' dir='ltr'>Qum</span> <span class='ocrx_word' id='word_1_350' title='bbox 427 1854 474 1890; x_wconf 81' lang='lat' dir='ltr'>ad</span> <span class='ocrx_word' id='word_1_351' title='bbox 502 1854 604 1889; x_wconf 90' lang='lat' dir='ltr'>hunc</span> <span class='ocrx_word' id='word_1_352' title='bbox 635 1855 790 1891; x_wconf 85' lang='lat' dir='ltr'>modum</span> <span class='ocrx_word' id='word_1_353' title='bbox 819 1855 966 1901; x_wconf 77' lang='lat' dir='ltr'>potiora</span> <span class='ocrx_word' id='word_1_354' title='bbox 997 1854 1151 1891; x_wconf 86' lang='lat' dir='ltr'>suadens</span> <span class='ocrx_word' id='word_1_355' title='bbox 1182 1853 1434 1902; x_wconf 84' lang='lat' dir='ltr'>Pompeianus</span> <span class='ocrx_word' id='word_1_356' title='bbox 1454 1856 1516 1891; x_wconf 74' lang='lat' dir='ltr'>lo·</span> <span class='ocrx_word' id='word_1_357' title='bbox 1535 1864 1580 1889; x_wconf 84' lang='lat'>21</span> 
     </span>
     <span class='ocr_line' id='line_1_41' title="bbox 67 1903 1513 1955; baseline 0.001 -15"><span class='ocrx_word' id='word_1_358' title='bbox 67 1915 206 1952; x_wconf 81' lang='lat' dir='ltr'>quntus</span> <span class='ocrx_word' id='word_1_359' title='bbox 228 1903 317 1940; x_wconf 74' lang='lat' dir='ltr'>effer</span> <span class='ocrx_word' id='word_1_360' title='bbox 337 1903 486 1955; x_wconf 81' lang='lat' dir='ltr'>paulum</span> <span class='ocrx_word' id='word_1_361' title='bbox 513 1903 624 1939; x_wconf 78' lang='lat' dir='ltr'>modo</span> <span class='ocrx_word' id='word_1_362' title='bbox 643 1903 868 1951; x_wconf 82' lang='lat' dir='ltr'>impraesens</span> <span class='ocrx_word' id='word_1_363' title='bbox 887 1915 1041 1940; x_wconf 80' lang='lat' dir='ltr'>conatus</span> <span class='ocrx_word' id='word_1_364' title='bbox 1061 1903 1308 1941; x_wconf 80' lang='lat' dir='ltr'>adolescentis</span> <span class='ocrx_word' id='word_1_365' title='bbox 1326 1904 1513 1951; x_wconf 81' lang='lat' dir='ltr'>repreffit:</span> 
     </span>
     <span class='ocr_line' id='line_1_42' title="bbox 66 1950 1584 2002; baseline 0.001 -15"><span class='ocrx_word' id='word_1_366' title='bbox 66 1952 135 1999; x_wconf 81' lang='lat' dir='ltr'>qui</span> <span class='ocrx_word' id='word_1_367' title='bbox 163 1950 346 1989; x_wconf 87' lang='lat' dir='ltr'>reueritus</span> <span class='ocrx_word' id='word_1_368' title='bbox 370 1952 468 1988; x_wconf 88' lang='lat' dir='ltr'>senis</span> <span class='ocrx_word' id='word_1_369' title='bbox 498 1952 614 1995; x_wconf 69' lang='lat' dir='ltr'>dista,</span> <span class='ocrx_word' id='word_1_370' title='bbox 654 1965 768 2002; x_wconf 86' lang='lat' dir='ltr'>quum</span> <span class='ocrx_word' id='word_1_371' title='bbox 796 1952 893 1989; x_wconf 80' lang='lat' dir='ltr'>nihii</span> <span class='ocrx_word' id='word_1_372' title='bbox 922 1953 1077 1990; x_wconf 89' lang='lat' dir='ltr'>haberet</span> <span class='ocrx_word' id='word_1_373' title='bbox 1104 1953 1206 2001; x_wconf 86' lang='lat' dir='ltr'>quod</span> <span class='ocrx_word' id='word_1_374' title='bbox 1232 1953 1359 1989; x_wconf 79' lang='lat' dir='ltr'>saltem</span> <span class='ocrx_word' id='word_1_375' title='bbox 1394 1953 1514 1990; x_wconf 87' lang='lat' dir='ltr'>hone·</span> <span class='ocrx_word' id='word_1_376' title='bbox 1535 1964 1584 1989; x_wconf 79' lang='lat'>22</span> 
     </span>
     <span class='ocr_line' id='line_1_43' title="bbox 67 2000 1514 2050; baseline 0.001 -13"><span class='ocrx_word' id='word_1_377' title='bbox 67 2001 161 2038; x_wconf 74' lang='lat' dir='ltr'>stum</span> <span class='ocrx_word' id='word_1_378' title='bbox 180 2000 302 2047; x_wconf 86' lang='lat' dir='ltr'>specie</span> <span class='ocrx_word' id='word_1_379' title='bbox 321 2000 577 2047; x_wconf 84' lang='lat' dir='ltr'>responderet,</span> <span class='ocrx_word' id='word_1_380' title='bbox 603 2002 810 2039; x_wconf 81' lang='lat' dir='ltr'>concilium</span> <span class='ocrx_word' id='word_1_381' title='bbox 831 2000 978 2044; x_wconf 79' lang='lat' dir='ltr'>dimisit,</span> <span class='ocrx_word' id='word_1_382' title='bbox 1004 2003 1213 2050; x_wconf 82' lang='lat' dir='ltr'>diligentius</span> <span class='ocrx_word' id='word_1_383' title='bbox 1232 2001 1413 2039; x_wconf 82' lang='lat' dir='ltr'>affirmans</span> <span class='ocrx_word' id='word_1_384' title='bbox 1433 2016 1514 2039; x_wconf 77' lang='lat' dir='ltr'>con-</span> 
     </span>
     <span class='ocr_line' id='line_1_44' title="bbox 57 2049 1580 2099; baseline 0.001 -13"><span class='ocrx_word' id='word_1_385' title='bbox 57 2050 316 2097; x_wconf 70' lang='lat' dir='ltr'>fideraturum.</span> <span class='ocrx_word' id='word_1_386' title='bbox 367 2050 468 2086; x_wconf 88' lang='lat' dir='ltr'>Dein</span> <span class='ocrx_word' id='word_1_387' title='bbox 487 2063 576 2086; x_wconf 89' lang='lat' dir='ltr'>vero</span> <span class='ocrx_word' id='word_1_388' title='bbox 596 2049 771 2097; x_wconf 82' lang='lat' dir='ltr'>ministris</span> <span class='ocrx_word' id='word_1_389' title='bbox 792 2051 888 2088; x_wconf 81' lang='lat' dir='ltr'>illius</span> <span class='ocrx_word' id='word_1_390' title='bbox 917 2052 1031 2098; x_wconf 81' lang='lat' dir='ltr'>magis</span> <span class='ocrx_word' id='word_1_391' title='bbox 1060 2051 1250 2099; x_wconf 82' lang='lat' dir='ltr'>magisque</span> <span class='ocrx_word' id='word_1_392' title='bbox 1275 2050 1514 2092; x_wconf 79' lang='lat' dir='ltr'>instantibus,</span> <span class='ocrx_word' id='word_1_393' title='bbox 1535 2060 1580 2099; x_wconf 84' lang='lat'>23</span> 
     </span>
     <span class='ocr_line' id='line_1_45' title="bbox 67 2097 1515 2147; baseline 0.001 -12"><span class='ocrx_word' id='word_1_394' title='bbox 67 2097 167 2135; x_wconf 78' lang='lat' dir='ltr'>nihil</span> <span class='ocrx_word' id='word_1_395' title='bbox 190 2097 264 2134; x_wconf 87' lang='lat' dir='ltr'>iam</span> <span class='ocrx_word' id='word_1_396' title='bbox 281 2097 327 2133; x_wconf 88' lang='lat' dir='ltr'>ad</span> <span class='ocrx_word' id='word_1_397' title='bbox 345 2098 484 2135; x_wconf 81' lang='lat' dir='ltr'>amicos</span> <span class='ocrx_word' id='word_1_398' title='bbox 502 2099 645 2140; x_wconf 87' lang='lat' dir='ltr'>retulit,</span> <span class='ocrx_word' id='word_1_399' title='bbox 671 2100 733 2136; x_wconf 83' lang='lat' dir='ltr'>sed</span> <span class='ocrx_word' id='word_1_400' title='bbox 752 2100 846 2135; x_wconf 87' lang='lat' dir='ltr'>datis</span> <span class='ocrx_word' id='word_1_401' title='bbox 867 2098 1067 2144; x_wconf 86' lang='lat' dir='ltr'>(Romam)</span> <span class='ocrx_word' id='word_1_402' title='bbox 1096 2100 1234 2141; x_wconf 80' lang='lat' dir='ltr'>literis,</span> <span class='ocrx_word' id='word_1_403' title='bbox 1262 2112 1303 2135; x_wconf 89' lang='lat' dir='ltr'>ac</span> <span class='ocrx_word' id='word_1_404' title='bbox 1333 2099 1515 2147; x_wconf 79' lang='lat' dir='ltr'>praepost-</span> 
     </span>
     <span class='ocr_line' id='line_1_46' title="bbox 67 2146 1515 2196; baseline 0 -11"><span class='ocrx_word' id='word_1_405' title='bbox 67 2147 118 2186; x_wconf 77' lang='lat' dir='ltr'>tis</span> <span class='ocrx_word' id='word_1_406' title='bbox 141 2159 236 2196; x_wconf 88' lang='lat' dir='ltr'>quos</span> <span class='ocrx_word' id='word_1_407' title='bbox 264 2146 386 2184; x_wconf 77' lang='lat' dir='ltr'>visum</span> <span class='ocrx_word' id='word_1_408' title='bbox 418 2146 506 2184; x_wconf 78' lang='lat' dir='ltr'>esset</span> <span class='ocrx_word' id='word_1_409' title='bbox 538 2149 702 2185; x_wconf 89' lang='lat' dir='ltr'>tuendae</span> <span class='ocrx_word' id='word_1_410' title='bbox 725 2148 808 2185; x_wconf 80' lang='lat' dir='ltr'>Istri</span> <span class='ocrx_word' id='word_1_411' title='bbox 839 2147 941 2194; x_wconf 83' lang='lat' dir='ltr'>ripae</span> <span class='ocrx_word' id='word_1_412' title='bbox 969 2159 1009 2185; x_wconf 86' lang='lat' dir='ltr'>et</span> <span class='ocrx_word' id='word_1_413' title='bbox 1041 2149 1279 2187; x_wconf 85' lang='lat' dir='ltr'>barbarorum</span> <span class='ocrx_word' id='word_1_414' title='bbox 1312 2148 1515 2189; x_wconf 81' lang='lat' dir='ltr'>insultibus</span> 
     </span>
    </p>
   </div>
   <div class='ocr_carea' id='block_1_7' title="bbox 817 2270 1520 2324">
    <p class='ocr_par' dir='ltr' id='par_1_7' title="bbox 817 2270 1520 2324">
     <span class='ocr_line' id='line_1_47' title="bbox 817 2270 1520 2324; baseline 0.007 -16"><span class='ocrx_word' id='word_1_415' title='bbox 817 2270 913 2308; x_wconf 85' lang='lat' dir='ltr'>tiora</span> <span class='ocrx_word' id='word_1_416' title='bbox 932 2272 1014 2315; x_wconf 71' lang='lat' dir='ltr'>sint,</span> <span class='ocrx_word' id='word_1_417' title='bbox 1041 2272 1154 2323; x_wconf 85' lang='lat' dir='ltr'>magis</span> <span class='ocrx_word' id='word_1_418' title='bbox 1176 2285 1251 2322; x_wconf 89' lang='lat' dir='ltr'>que</span> <span class='ocrx_word' id='word_1_419' title='bbox 1268 2286 1437 2324; x_wconf 76' lang='lat' dir='ltr'>urgeant,</span> <span class='ocrx_word' id='word_1_420' title='bbox 1458 2281 1520 2313; x_wconf 84' lang='lat' dir='ltr'>cu-</span> 
     </span>
    </p>
   </div>
   <div class='ocr_carea' id='block_1_8' title="bbox 114 2272 1519 2373">
    <p class='ocr_par' dir='ltr' id='par_1_8' title="bbox 114 2272 1519 2373">
     <span class='ocr_line' id='line_1_48' title="bbox 114 2272 767 2322; baseline 0 -12"><span class='ocrx_word' id='word_1_421' title='bbox 114 2273 146 2319; x_wconf 91' lang='lat' dir='ltr'>s)</span> <span class='ocrx_word' id='word_1_422' title='bbox 167 2283 211 2310; x_wconf 89' lang='lat' dir='ltr'>ut</span> <span class='ocrx_word' id='word_1_423' title='bbox 232 2272 408 2310; x_wconf 87' lang='lat' dir='ltr'>omnibus</span> <span class='ocrx_word' id='word_1_424' title='bbox 426 2272 514 2309; x_wconf 90' lang='lat' dir='ltr'>anni</span> <span class='ocrx_word' id='word_1_425' title='bbox 536 2272 767 2322; x_wconf 87' lang='lat' dir='ltr'>temporibus</span> 
     </span>
     <span class='ocr_line' id='line_1_49' title="bbox 816 2322 1519 2373; baseline 0.009 -15"><span class='ocrx_word' id='word_1_426' title='bbox 816 2322 1008 2370; x_wconf 83' lang='lat' dir='ltr'>piditatem</span> <span class='ocrx_word' id='word_1_427' title='bbox 1021 2323 1118 2360; x_wconf 84' lang='lat' dir='ltr'>illam</span> <span class='ocrx_word' id='word_1_428' title='bbox 1131 2325 1387 2372; x_wconf 82' lang='lat' dir='ltr'>compescunt.</span> <span class='ocrx_word' id='word_1_429' title='bbox 1398 2326 1519 2373; x_wconf 77' lang='lat' dir='ltr'>Steph.</span> 
     </span>
    </p>
   </div>
   <div class='ocr_carea' id='block_1_9' title="bbox 64 2322 575 2371">
    <p class='ocr_par' dir='ltr' id='par_1_9' title="bbox 64 2322 575 2371">
     <span class='ocr_line' id='line_1_50' title="bbox 64 2322 575 2371; baseline -0.004 -11"><span class='ocrx_word' id='word_1_430' title='bbox 64 2322 287 2360; x_wconf 85' lang='lat' dir='ltr'>iniucundas</span> <span class='ocrx_word' id='word_1_431' title='bbox 311 2322 429 2368; x_wconf 84' lang='lat' dir='ltr'>vitup.</span> <span class='ocrx_word' id='word_1_432' title='bbox 456 2323 575 2371; x_wconf 79' lang='lat' dir='ltr'>Steph.</span> 
     </span>
    </p>
   </div>
   <div class='ocr_carea' id='block_1_10' title="bbox 65 2370 766 2671">
    <p class='ocr_par' dir='ltr' id='par_1_10' title="bbox 65 2370 766 2521">
     <span class='ocr_line' id='line_1_51' title="bbox 114 2370 766 2419; baseline 0 -9"><span class='ocrx_word' id='word_1_433' title='bbox 114 2376 151 2419; x_wconf 89' lang='lat' dir='ltr'>t)</span> <span class='ocrx_word' id='word_1_434' title='bbox 177 2372 283 2409; x_wconf 84' lang='lat' dir='ltr'>Talia</span> <span class='ocrx_word' id='word_1_435' title='bbox 305 2370 532 2408; x_wconf 80' lang='lat' dir='ltr'>adolescenti</span> <span class='ocrx_word' id='word_1_436' title='bbox 555 2373 668 2410; x_wconf 87' lang='lat' dir='ltr'>modo</span> <span class='ocrx_word' id='word_1_437' title='bbox 688 2385 766 2410; x_wconf 88' lang='lat' dir='ltr'>non</span> 
     </span>
     <span class='ocr_line' id='line_1_52' title="bbox 66 2422 766 2469; baseline 0.001 -11"><span class='ocrx_word' id='word_1_438' title='bbox 66 2433 156 2458; x_wconf 76' lang='lat' dir='ltr'>ante</span> <span class='ocrx_word' id='word_1_439' title='bbox 184 2422 317 2459; x_wconf 88' lang='lat' dir='ltr'>oculos</span> <span class='ocrx_word' id='word_1_440' title='bbox 345 2433 555 2469; x_wconf 83' lang='lat' dir='ltr'>ponentes,</span> <span class='ocrx_word' id='word_1_441' title='bbox 582 2423 660 2459; x_wconf 87' lang='lat' dir='ltr'>eius</span> <span class='ocrx_word' id='word_1_442' title='bbox 689 2422 766 2459; x_wconf 83' lang='lat' dir='ltr'>ani·</span> 
     </span>
     <span class='ocr_line' id='line_1_53' title="bbox 65 2469 679 2521; baseline -0.005 -13"><span class='ocrx_word' id='word_1_443' title='bbox 65 2484 170 2508; x_wconf 88' lang='lat' dir='ltr'>mum</span> <span class='ocrx_word' id='word_1_444' title='bbox 195 2470 336 2519; x_wconf 78' lang='lat' dir='ltr'>volupe.</span> <span class='ocrx_word' id='word_1_445' title='bbox 364 2472 485 2521; x_wconf 82' lang='lat' dir='ltr'>Steph.</span> <span class='ocrx_word' id='word_1_446' title='bbox 677 2469 679 2471; x_wconf 74' lang='grc'><strong>’</strong></span> 
     </span>
    </p>

    <p class='ocr_par' dir='ltr' id='par_1_11' title="bbox 65 2521 766 2671">
     <span class='ocr_line' id='line_1_54' title="bbox 116 2521 766 2568; baseline 0 -11"><span class='ocrx_word' id='word_1_447' title='bbox 116 2523 154 2568; x_wconf 87' lang='lat' dir='ltr'>u)</span> <span class='ocrx_word' id='word_1_448' title='bbox 181 2533 251 2557; x_wconf 89' lang='lat' dir='ltr'>nos</span> <span class='ocrx_word' id='word_1_449' title='bbox 275 2532 426 2568; x_wconf 89' lang='lat' dir='ltr'>quoque</span> <span class='ocrx_word' id='word_1_450' title='bbox 454 2521 766 2559; x_wconf 83' lang='lat' dir='ltr'>commoditatum</span> 
     </span>
     <span class='ocr_line' id='line_1_55' title="bbox 65 2569 766 2618; baseline 0.003 -13"><span class='ocrx_word' id='word_1_451' title='bbox 65 2570 266 2618; x_wconf 82' lang='lat' dir='ltr'>patriarum</span> <span class='ocrx_word' id='word_1_452' title='bbox 294 2570 432 2617; x_wconf 84' lang='lat' dir='ltr'>cupido</span> <span class='ocrx_word' id='word_1_453' title='bbox 462 2569 653 2608; x_wconf 81' lang='lat' dir='ltr'>sollicitat:</span> <span class='ocrx_word' id='word_1_454' title='bbox 702 2571 766 2608; x_wconf 88' lang='lat' dir='ltr'>sed</span> 
     </span>
     <span class='ocr_line' id='line_1_56' title="bbox 66 2618 766 2671; baseline 0.003 -15"><span class='ocrx_word' id='word_1_455' title='bbox 66 2631 162 2668; x_wconf 76' lang='lat' dir='ltr'>quae</span> <span class='ocrx_word' id='word_1_456' title='bbox 181 2619 243 2656; x_wconf 89' lang='lat' dir='ltr'>hic</span> <span class='ocrx_word' id='word_1_457' title='bbox 259 2618 346 2658; x_wconf 83' lang='lat' dir='ltr'>sunt</span> <span class='ocrx_word' id='word_1_458' title='bbox 365 2619 538 2671; x_wconf 78' lang='lat' dir='ltr'>negotia,</span> <span class='ocrx_word' id='word_1_459' title='bbox 563 2633 678 2671; x_wconf 85' lang='lat' dir='ltr'>quum</span> <span class='ocrx_word' id='word_1_460' title='bbox 697 2634 766 2671; x_wconf 87' lang='lat' dir='ltr'>po·</span> 
     </span>
    </p>
   </div>
   <div class='ocr_carea' id='block_1_11' title="bbox 815 2373 1520 2673">
    <p class='ocr_par' dir='ltr' id='par_1_12' title="bbox 815 2373 1517 2459">
     <span class='ocr_line' id='line_1_57' title="bbox 865 2373 1517 2415; baseline 0.008 -9"><span class='ocrx_word' id='word_1_461' title='bbox 865 2375 917 2415; x_wconf 79' lang='lat' dir='ltr'>x)</span> <span class='ocrx_word' id='word_1_462' title='bbox 961 2373 1185 2415; x_wconf 82' lang='lat' dir='ltr'>d&#39;rutiffime‚</span> <span class='ocrx_word' id='word_1_463' title='bbox 1237 2375 1298 2410; x_wconf 85' lang='lat' dir='ltr'>vel</span> <span class='ocrx_word' id='word_1_464' title='bbox 1342 2374 1395 2411; x_wconf 89' lang='lat' dir='ltr'>sat</span> <span class='ocrx_word' id='word_1_465' title='bbox 1438 2375 1517 2412; x_wconf 87' lang='lat' dir='ltr'>diu.</span> 
     </span>
     <span class='ocr_line' id='line_1_58' title="bbox 815 2422 1036 2459; baseline -0.009 0"><span class='ocrx_word' id='word_1_466' title='bbox 815 2422 957 2459; x_wconf 88' lang='lat' dir='ltr'>Memm.</span> <span class='ocrx_word' id='word_1_467' title='bbox 1033 2437 1036 2439; x_wconf 53' lang='grc'><strong>’</strong></span> 
     </span>
    </p>

    <p class='ocr_par' dir='ltr' id='par_1_13' title="bbox 815 2470 1520 2673">
     <span class='ocr_line' id='line_1_59' title="bbox 855 2470 1520 2520; baseline 0.002 -12"><span class='ocrx_word' id='word_1_468' title='bbox 855 2475 901 2520; x_wconf 66' lang='lat' dir='ltr'>y)</span> <span class='ocrx_word' id='word_1_469' title='bbox 927 2484 976 2508; x_wconf 84' lang='lat' dir='ltr'>ne</span> <span class='ocrx_word' id='word_1_470' title='bbox 995 2471 1079 2520; x_wconf 87' lang='lat' dir='ltr'>quis</span> <span class='ocrx_word' id='word_1_471' title='bbox 1101 2470 1178 2509; x_wconf 81' lang='lat' dir='ltr'>inic</span> <span class='ocrx_word' id='word_1_472' title='bbox 1205 2485 1326 2510; x_wconf 88' lang='lat' dir='ltr'>rerum</span> <span class='ocrx_word' id='word_1_473' title='bbox 1357 2472 1520 2509; x_wconf 88' lang='lat' dir='ltr'>admini-</span> 
     </span>
     <span class='ocr_line' id='line_1_60' title="bbox 815 2520 1518 2571; baseline 0.004 -15"><span class='ocrx_word' id='word_1_474' title='bbox 815 2520 1028 2558; x_wconf 80' lang='lat' dir='ltr'>strationem</span> <span class='ocrx_word' id='word_1_475' title='bbox 1058 2521 1230 2565; x_wconf 85' lang='lat' dir='ltr'>invadat,</span> <span class='ocrx_word' id='word_1_476' title='bbox 1256 2523 1317 2559; x_wconf 88' lang='lat' dir='ltr'>vel</span> <span class='ocrx_word' id='word_1_477' title='bbox 1337 2522 1426 2570; x_wconf 86' lang='lat' dir='ltr'>reip.</span> <span class='ocrx_word' id='word_1_478' title='bbox 1448 2534 1518 2571; x_wconf 86' lang='lat' dir='ltr'>gu-</span> 
     </span>
     <span class='ocr_line' id='line_1_61' title="bbox 816 2571 1519 2615; baseline 0.003 -8"><span class='ocrx_word' id='word_1_479' title='bbox 816 2571 1034 2613; x_wconf 76' lang='lat' dir='ltr'>bernacula,</span> <span class='ocrx_word' id='word_1_480' title='bbox 1061 2572 1106 2611; x_wconf 82' lang='lat' dir='ltr'>ad</span> <span class='ocrx_word' id='word_1_481' title='bbox 1124 2573 1315 2615; x_wconf 58' lang='lat' dir='ltr'>werbum,</span> <span class='ocrx_word' id='word_1_482' title='bbox 1338 2571 1519 2615; x_wconf 20' lang='lat' dir='ltr'>rei-‘inva-</span> 
     </span>
     <span class='ocr_line' id='line_1_62' title="bbox 817 2619 1026 2673; baseline -0.005 -16"><span class='ocrx_word' id='word_1_483' title='bbox 817 2619 890 2658; x_wconf 87' lang='lat' dir='ltr'>dat.</span> <span class='ocrx_word' id='word_1_484' title='bbox 909 2621 1026 2673; x_wconf 81' lang='lat' dir='ltr'>Steph.</span> 
     </span>
    </p>
   </div>
  </div>
 </body>
</html>
