1707 3140
541 80 839 128 LIBER

915 78 1047 126 111.
1455 95 1517 139 51

774 197 825 234 V.

62 264 233 335 >Rebus
253 273 378 301 autem
408 260 567 299 orientis
595 274 639 299 ex
665 260 851 299 sententia
875 263 1005 312 gestis,
1028 274 1140 312 atque
1159 273 1200 301 vt
1216 274 1275 300 res
1295 262 1445 311 poscere
1464 264 1518 302 vi-

161 313 326 356 debatur,
358 312 556 353 ordinatis,
580 311 716 357 cupido
738 311 808 347 iam
838 314 1016 349 Seuerum
1038 313 1194 349 habebat
1220 325 1342 361 regem
1363 326 1517 361 quoque

70 365 301 402 Ati-enorum
341 362 441 398 bello
473 361 666 401 tentandi,
716 373 756 395 ac
794 363 1012 398 Parthorum
1053 363 1245 410 regionem
1280 365 1512 409 occupandi:

63 416 113 460 τί)
130 425 226 461 quos
250 423 426 458 vti-osque
445 408 483 445 in
504 410 717 446 societatem
738 411 860 459 Niger
883 411 1069 447 al'ciuerat.
1123 415 1156 458 e)
1182 413 1330 452 Quibus
1360 413 1512 450 tandem
1532 417 1553 442 ²

71 463 185 500 rebus
205 462 244 498 in
274 460 371 497 aliud
392 471 541 506 tempus
570 458 739 500 reiectis,
767 460 930 508 cogitare
955 459 1098 498 institit,
1121 473 1197 508 quo
1222 461 1324 507 ρεξὶο
1352 461 1414 496 libi
1438 464 1517 498 vni·

23 536 27 539 -
69 510 210 559 uersum
232 511 444 547 Romanum
483 508 679 553 imperium
710 508 914 556 liberisque
942 507 1013 546 suis
1044 511 1142 546 bona
1175 508 1248 545 fide
1274 510 1513 547 adiudicaret.

71 562 172 598 Nam
190 560 332 596 sublato
353 559 470 607 Nigro
493 557 656 604 reliquus
683 570 759 594 erat
790 559 970 600 Albinus,
996 570 1107 606 quem
1134 559 1195 594 libi
1226 571 1353 605 parum
1370 572 1414 596 ex
1437 560 1514 597 sen·
1536 563 1555 599 3

73 609 193 646 tentia
213 620 416 655 parumque
443 605 520 643 vsui
544 605 627 642 fore
645 601 905 643 arbitrabatdr:
933 607 1083 656 vulgato
1117 620 1276 651 rumore,
1309 609 1379 644 iam
1406 610 1518 646 nimis
1535 616 1558 648 4

72 659 183 695 illum
203 658 434 704 impotenter
455 654 643 702 nimisque
671 656 823 692 moleste
845 669 984 693 nomen
1007 656 1168 694 Caesaris
1190 657 1380 704 vsurpare:
1412 671 1518 706 prae-

73 719 173 745 terea
194 707 334 742 multos
363 705 432 741 effe
452 718 472 740 e
490 705 714 752 primoribus
732 704 889 747 senatus,
910 708 971 753 qui
1000 706 1044 741 ad
1066 719 1151 744 eum
1173 707 1265 742 clam
1287 708 1416 743 darent
1437 709 1519 744 lite-

71 768 144 796 ras,
159 757 352 792 hortantes
373 754 419 789 ad
438 754 613 792 reditum,
635 754 784 790 absente
803 756 924 791 adhuc
946 767 1204 803 occupatoque
1215 757 1366 792 Seuero.
1394 757 1516 805 Qip-
1538 759 1558 795 5

72 819 122 854 pe
143 804 320 842 nobilitas
349 803 511 850 (omnis)
537 804 718 840 Albinum
750 804 908 839 malebat
935 805 1214 853 imperatorem,
1241 817 1367 842 ortum
1387 805 1517 842 illustri

74 865 212 904 genere
232 865 273 889 ac
301 854 422 890 bonae
442 851 581 888 indolis
610 852 797 888 iuuenem.

852 852 1002 894 Quibus
1032 855 1138 891 rebus
1168 854 1331 903 cognitis
1350 856 1523 898 seuerus,
1538 850 1562 886 6

73 904 232 941 minime
259 903 389 951 vtique
413 901 548 949 apertis
587 900 796 938 inimicitiis
824 915 865 938 ac
893 903 1083 939 manifesto
1114 903 1214 940 bello
1241 906 1428 951 agendum
1457 917 1523 950 pu-

74 965 170 994 tans,
196 953 298 988 nulla
319 951 497 988 existente
527 952 639 992 causa,
669 962 764 999 quae
787 951 912 988 saltem
932 952 1052 999 specie
1081 953 1231 989 honesta
1258 952 1375 989 videri
1396 954 1524 1001 pollet,

66 1001 122 1050 f)
147 1000 317 1039 decreuit
345 1013 429 1037 eum
461 1000 551 1036 dolo
579 999 795 1055 insidiisque
826 1011 984 1038 tentare.
1027 1016 1030 1017 ⁷

1049 1004 1175 1050 Qare
1212 1002 1425 1039 tabellarios
1456 1003 1522 1039 ali-
1542 1008 1566 1042 7

76 1062 174 1099 quot
194 1063 240 1087 ex
261 1049 319 1092 iis,
337 1051 400 1097 qui
423 1048 546 1085 literas
575 1049 829 1096 imperatorias
864 1050 1073 1098 perferunt,
1103 1050 1292 1087 fidissimos
1318 1051 1383 1087 fibi
1400 1051 1523 1088 homi·
1545 1055 1566 1089 8

75 1113 145 1138 nes
174 1112 258 1135 cum
287 1099 403 1135 literis
432 1099 690 1146 mandatisque
721 1099 764 1134 ad
789 1111 874 1136 eum
902 1100 1042 1141 mittit,
1067 1100 1334 1147 praemonitos,
1362 1101 1415 1138 vti
1445 1101 1529 1138 red-

75 1150 167 1187 ditis
187 1148 335 1194 publice
361 1147 537 1195 epistolis,
568 1149 747 1193 quaedam
765 1147 899 1184 habere
919 1148 956 1184 se
984 1149 1166 1191 dicerent,
1188 1161 1283 1195 quae
1304 1153 1401 1197 apud
1422 1149 1528 1187 illum

73 1197 231 1235 remotis
254 1195 402 1232 arbitris
424 1198 680 1243 loquerentur.
710 1207 825 1242 quare
844 1208 886 1233 vt
913 1196 1072 1243 primum
1094 1197 1255 1234 seorsum
1276 1210 1293 1232 a
1315 1200 1531 1236 custodibus

68 1247 175 1284 mesti
200 1259 283 1281 eum
307 1244 446 1285 forent,
471 1244 566 1280 faflo
586 1244 731 1290 impetu
751 1245 1033 1282 obtruncarent.

1086 1246 1190 1292 Quin
1213 1258 1355 1282 venena
1376 1260 1529 1295 quoque
1548 1256 1571 1292 9

69 1296 160 1345 ’ipsts
180 1294 295 1334 dedit,
319 1294 455 1341 quibus
473 1305 571 1333 eum,
602 1292 624 1328 li
647 1294 803 1340 possent,
832 1307 896 1341 per
915 1294 1078 1341 aliquem
1108 1295 1151 1330 ab
1173 1297 1296 1342 epulis
1328 1307 1391 1332 aut
1407 1310 1425 1332 a
1445 1309 1531 1345 cya-

79 1346 148 1382 tho
168 1345 469 1392 aggrederentur.

513 1343 559 1391 g)
573 1343 658 1378 Erat
678 1354 801 1379 autem
824 1343 926 1380 illius
956 1344 1081 1379 amicis
1104 1344 1258 1391 suspeffiia
1280 1345 1408 1382 Seueri
1427 1344 1532 1383 fides.

73 1393 209 1441 'itaque
238 1394 444 1429 cauendum
466 1391 674 1429 identidem
694 1392 949 1428 admonebant
966 1392 1157 1430 hominem
1179 1391 1431 1440 perfidiosum,
1452 1396 1534 1442 ple-

76 1454 172 1481 num
203 1441 339 1478 fraudis
369 1452 408 1477 et
436 1439 661 1477 infidiarum.
716 1441 810 1478 Nam
839 1444 951 1489 vulgo
973 1443 1083 1479 etiam
1105 1456 1230 1496 parum
1249 1443 1435 1481 constanti
1460 1444 1533 1481 fide

29 1491 34 1496 “
78 1492 297 1531 habebatur,
325 1489 490 1537 impulsis
516 1489 571 1535 (vt
588 1490 725 1527 dietum
756 1490 822 1538 est)
853 1503 918 1537 per
938 1491 1100 1538 ipsorum
1119 1491 1215 1528 filios
1242 1493 1348 1541 Nigri
1371 1494 1530 1530 ‹iu-:ibus
1552 1503 1600 1530 10

78 1541 127 1577 ad
154 1553 210 1577 res
230 1540 332 1576 illius
350 1538 578 1586 prodendas:
609 1539 697 1575 dein
719 1540 905 1586 postquam
935 1552 1061 1576 eorum
1085 1554 1195 1587 opera
1224 1543 1353 1578 abusus
1374 1547 1435 1584 est,
1456 1543 1532 1579 sua-

79 1602 156 1639 que
180 1589 306 1626 omnia
326 1602 370 1625 ex
392 1588 579 1624 sententia
604 1590 876 1636 composuerat,
899 1589 983 1636 iplis
1004 1590 1205 1638 liberisque
1235 1593 1410 1628 enecatis.

75 1651 143 1680 tur
159 1638 321 1677 infidum
338 1637 618 1695 subdolumque
644 1638 840 1688 ingenium
871 1650 929 1676 res
949 1637 1047 1687 ipsae
1067 1638 1325 1684 declarabant,
1352 1635 1536 1689 obque'id

133 1784 180 1830 d)
208 1793 369 1831 quorum
396 1781 546 1829 vtrique
573 1781 614 1818 in
647 1780 789 1819 crimen

83 1834 256 1870 vertebat
275 1830 475 1868 amicitiam
489 1830 613 1879 Nigri.
642 1832 786 1867 Memm.

134 1885 169 1927 e)
195 1883 332 1917 Verum
351 1881 440 1916 haec
461 1879 500 1916 in
521 1879 620 1916 aliud
639 1891 791 1928 tempus

80 1930 238 1969 reiecit:
260 1941 303 1966 ac
324 1930 425 1976 prius
443 1929 656 1966 vniuersum
681 1932 788 1966 Rom.

86 1980 288 2026 imperium
310 1980 348 2015 in
376 1979 413 2014 se
438 1978 521 2014 suos
549 1991 622 2026 que
649 1979 788 2015 liberos

86 2028 302 2069 transferre,
330 2039 368 2064 et
384 2026 529 2063 firmum
549 2039 590 2062 ac
609 2027 733 2064 stabile
751 2026 792 2063 fi·

86 2077 126 2114 bi
172 2077 350 2117 reddere,
398 2076 436 2111 in
480 2077 607 2111 animo
651 2076 791 2113 habuit.

81 2126 217 2167 -Nam,
246 2124 335 2160 subl.
363 2124 507 2172 Nigro,
543 2125 714 2160 molestus
752 2134 792 2160 et

87 2176 382 2222 superuacaneus
413 2173 446 2209 ei
482 2172 641 2209 Albinus
676 2172 792 2208 existi-

75 2224 267 2262 ⁴mabatur.
312 2221 420 2269 Qin
459 2223 573 2258 etiam
612 2222 795 2262 audiebat,

84 2272 195 2317 illum
225 2271 338 2307 nimis
374 2270 479 2319 regio
516 2270 608 2308 fastu
640 2270 793 2308 titulum

89 2321 254 2360 Caesaris
280 2320 329 2357 vs.
359 2320 478 2368 Steph.

86 2412 88 2415 .
133 2369 188 2418 f)
216 2369 386 2406 decreuit
416 2368 595 2416 experiri,
620 2381 665 2406 an
698 2381 794 2411 eum,

92 2418 240 2457 occulta
269 2417 443 2466 quapiam
471 2429 547 2454 arte
585 2419 797 2465 deceptum,

88 2467 117 2506 >e
135 2467 259 2504 medio
279 2468 412 2504 tollere
432 2466 559 2514 posset.
597 2468 724 2510 Quare
742 2480 793 2502 ar·

93 2516 225 2554 celiitis
249 2524 398 2557 eorum(
420 2515 482 2563 qui
509 2516 563 2552 lit.
587 2516 796 2563 imp.perf.,

94 2565 293 2605 fidissimis,
319 2564 459 2601 secreto
488 2563 561 2600 illis
589 2565 797 2612 imperauit,

94 2626 160 2656 vt,
187 2626 300 2664 quum
321 2615 419 2660 apud
440 2625 525 2649 eum
544 2614 672 2656 essent,
696 2615 797 2650 litte.

59 2689 64 2694 -
97 2665 154 2702 ras
172 2661 335 2715 quidem·
342 2662 490 2712 publice
504 2663 719 2715 redderent,
737 2662 798 2700 sed

839 1793 1024 1831 rogarent,
1035 1792 1076 1819 vt
1093 1781 1265 1818 secedens
1284 1795 1409 1820 arcana
1422 1795 1541 1831 quae-

839 1833 922 1869 dam
944 1833 1113 1867 mandata
1139 1831 1304 1869 audiret:
1334 1833 1394 1868 vbi
1414 1844 1541 1870 autern

838 1880 874 1916 ei
905 1881 977 1916 hoc
1013 1881 1134 1917 facere
1161 1880 1431 1926 persuafiffent,
1466 1882 1542 1920 suis

837 1929 1061 1968 satellitibus
1073 1929 1332 1966 incomitatum
1344 1930 1462 1967 statim
1477 1944 1545 1978 op-

839 1980 1046 2026 primerent
1102 1991 1215 2027 atque
1271 1978 1544 2017 interficerent.

839 2029 958 2078 Steph.

884 2080 931 2125 g)
960 2075 1157 2112 Eratenirn
1178 2075 1306 2111 amicis
1328 2074 1406 2111 eius
1422 2076 1546 2125 suspe-

841 2125 941 2162 stus:
967 2123 1031 2171 qui
1053 2123 1243 2160 confilium
1267 2124 1415 2167 dabant,
1443 2138 1484 2163 vt
1501 2126 1544 2163 fi-

843 2173 880 2211 bi
904 2184 1049 2209 caueret
1070 2173 1114 2208 ab
1133 2172 1311 2215 homine,
1335 2174 1399 2219 qui
1421 2174 1545 2222 impo-

844 2222 918 2258 stor
939 2221 1045 2261 eiset.
1072 2232 1112 2257 et
1130 2222 1175 2257 ad
1194 2222 1380 2258 struendas
1399 2223 1545 2261 insidias

843 2270 968 2307 solers.
1007 2268 1091 2307 Eius
1110 2270 1210 2306 enim
1229 2284 1350 2307 mores
1368 2274 1464 2308 male
1484 2286 1546 2310 au-

845 2320 997 2358 diebant
1016 2320 1065 2355 ob
1088 2331 1126 2355 ea
1140 2344 1150 2360 ‚
1171 2333 1265 2367 quae
1283 2320 1456 2358 aduersus
1479 2323 1543 2358 Ni-

845 2368 895 2419 gri
919 2367 1028 2405 duces
1046 2367 1249 2405 admiserat.
1288 2371 1419 2414 Quum
1444 2371 1547 2408 enirn

846 2431 912 2466 per
939 2417 1101 2464 ipsorum
1130 2417 1228 2453 filios
1259 2421 1302 2455 ab
1335 2419 1408 2454 illis
1427 2420 1547 2466 impe-

845 2466 990 2509 trass'et,
1026 2479 1065 2503 vt
1097 2479 1153 2503 res
1181 2468 1291 2515 Nigri
1329 2469 1547 2514 proderent,

848 2527 966 2564 quum
991 2529 1120 2553 eorum
1150 2529 1258 2562 opera
1287 2516 1417 2553 abusus
1448 2518 1550 2560 effer,

848 2566 909 2602 sua
945 2577 1017 2613 que
1051 2578 1094 2601 ex
1136 2564 1230 2603 sent.
1273 2565 1549 2612 composuill'et,

832 2614 946 2663 ipsos
967 2614 1104 2652 liberos
1131 2626 1204 2662 que
1221 2615 1374 2653 occidit.
1401 2616 1523 2666 Steph.

1463 1592 1534 1634 Iari-
1556 1603 1597 1629 rx
