1748 3017
226 42 291 102 56

225 166 405 195 ΠΟΈΙΟῙῈΞ.

428 43 928 92 HERODIANI

997 22 1489 97 HisToRIAE

458 155 584 203 quue
605 154 709 202 pano
728 153 906 192 eximium
929 165 1121 203 quemque
1140 167 1161 191 e
1182 153 1324 198 senatu,
1341 165 1423 192 tum
1441 165 1482 192 vt
1501 154 1662 210 quisque

227 205 270 242 in
290 205 490 254 prouinciis
509 216 644 253 genere
668 213 731 240 aut
749 203 884 251 opibus
909 204 1120 247 excelleret,
1144 206 1178 253 c)
1203 216 1334 240 omnes
1357 204 1432 241 sne
1451 204 1663 242 discrimine

229 254 410 301 supplicio
441 253 639 290 afficiebat:
665 252 839 290 vlciscens
866 252 922 297 (vt
943 253 1094 300 quidem
1124 265 1209 300 prae
1226 253 1263 290 se
1283 253 1443 299 ferebat)
1471 253 1661 295 inimicos,

230 304 294 341 sed
321 316 448 340 reuera
464 303 655 358 subigente
681 300 843 343 auaritia,
867 313 939 349 qua
966 302 1073 358 supra
1096 314 1226 338 omnes
1245 301 1495 349 imperatores
1521 304 1664 341 labora-

170 358 214 394 14
232 353 298 390 vit.
346 353 441 389 Nam
457 364 499 388 vt
524 352 635 388 ammi
662 348 841 398 patientia
870 362 982 406 atque
1011 352 1052 388 in
1082 351 1270 388 laboribus
1300 350 1598 406 perseuerantia,
1624 349 1669 388 fi·

232 402 309 438 mul
340 401 390 437 rei
419 401 584 437 militaris
603 400 738 449 gloria,
767 399 909 436 nemini
938 400 1047 437 etiam
1071 399 1312 438 laudatiffimo
1346 399 1584 441 concefferit‚
1613 399 1666 435 ita

232 449 395 504 quaestui
414 451 517 495 supra
536 462 643 497 quam
663 448 733 485 dici
755 448 871 496 posset
890 449 1065 491 adelinus,
1087 448 1230 486 iniustis
1251 449 1424 486 caedibus
1442 460 1552 497 atque
1571 447 1666 484 adeo

168 506 210 543 15
234 499 460 536 cuicuimodi
489 511 533 535 ex
563 498 665 543 causa
699 510 893 544 pecuniam
923 499 1143 548 colligebat,
1179 497 1377 554 imperium
1411 509 1523 535 metu
1551 494 1668 553 magis

232 560 341 596 quam
370 548 631 584 beneuolentia
661 548 841 583 retinens.

896 549 1127 595 Quamquam
1160 560 1232 595 pop
1213 546 1347 594 pularis
1376 546 1446 582 ess'e
1481 543 1667 601 imprimis

231 596 393 639 volebat,
420 596 572 633 edendis
593 596 827 632 omnifariam
847 595 1210 651 magnificentissimis
1229 595 1466 642 spestaculis:
1494 592 1670 631 centenis

232 645 345 683 etiam
372 646 636 693 saepenumero
665 644 790 680 occisis
821 644 960 689 beluis,
992 658 1082 701 quas
1103 645 1276 682 omnibus
1300 643 1515 693 regionibus
1535 642 1667 680 nostris

169 696 212 730 16
232 694 460 743 barbarisque
479 694 732 742 conquirebat.
763 694 833 730 Sed
853 705 892 730 et
912 694 1096 751 congiaria
1117 694 1222 730 dedit
1242 694 1436 735 vberrima‚
1465 704 1504 730 et
1521 695 1583 738 cc)
1587 704 1665 728 cer-

169 753 213 786 17
231 755 357 780 tamen
387 743 593 791 proposuit,
622 743 786 790 vndique
814 744 940 780 accitis
967 742 1183 781 ludionibus
1210 754 1322 790 atque
1349 742 1509 780 athletis.

1557 740 1670 779 Vidi-

231 804 313 829 mus
340 792 435 828 item
453 793 514 828 sub
535 793 603 828 illo
624 792 806 840 quosdam
823 793 945 829 omnis
963 793 1109 847 generis
1132 791 1252 834 ludos,
1276 790 1419 828 cunctis
1441 791 1564 829 editos
1581 791 1670 828 the-

231 840 331 884 atris,
352 841 530 888 simulque
549 841 836 895 supplicationes
856 852 894 878 et
914 841 1105 891 peruigilia
1128 841 1170 877 ad
1190 841 1348 877 formam
1369 841 1515 879 Cereris
1533 839 1671 878 initiu-

170 897 212 930 18
232 903 310 927 rum
333 890 525 936 (seculares
543 888 578 925 hi
610 901 702 928 tunc
721 890 1017 947 appellabantur)
1043 892 1091 936 d)
1113 890 1321 927 celebratos
1347 890 1414 935 (vt
1441 889 1570 936 aiunt)
1599 889 1669 925 de-

170 950 214 983 19
235 938 338 976 curso
367 940 480 977 trium
510 938 628 986 spatio
657 950 832 976 aetatum.
881 939 1074 987 Siquidem
1096 939 1186 975 vrbe
1214 949 1292 974 tota
1313 949 1424 985 atque
1444 938 1544 974 ltalia
1563 950 1673 985 prae-

232 1000 346 1025 cones
376 987 519 1026 itabant
545 999 794 1024 conuocatum
824 1001 955 1025 omnes
981 988 1026 1024 ad
1054 988 1176 1028 ludos,
1201 999 1296 1033 quos
1321 999 1392 1022 nec
1408 986 1580 1023 vidiffent
1606 987 1673 1022 ha-

165 1048 215 1074 80
231 1037 383 1081 frenus,
411 1050 479 1073 nec
509 1036 620 1074 visuri
652 1036 844 1084 postmodo
871 1038 1020 1074 forent:
1054 1037 1104 1073 ita
1130 1036 1274 1072 scilicet
1299 1035 1539 1072 interuallum
1562 1040 1673 1084 p'rae-

230 1087 362 1123 teritae
392 1087 609 1136 futuraeque
635 1086 858 1125 celebritatis
884 1087 990 1135 supra
1010 1098 1161 1124 omnem
1182 1082 1251 1123 effe
1282 1084 1484 1123 hominum
1513 1095 1672 1123 aetatem
1713 1131 1717 1135 ι
1744 1090 1748 1094 “

225 1134 488 1185 significantes.

921 1251 983 1288 lx.

228 1317 267 1362 e)
281 1315 424 1395 Igitur
435 1312 647 1364 aliquandiu
669 1314 807 1351 Romae
827 1327 1002 1356 moratus,
1030 1313 1251 1362 participato
1272 1312 1387 1351 filiis'
1375 1327 1546 1361 imperio,
1559 1325 1674 1362 quum

336 1364 372 1401 se
393 1363 494 1400 ciuili
523 1374 667 1400 tantum
699 1364 849 1400 victoria
882 1375 1086 1412 contraque
1113 1364 1300 1400 Romanos
1330 1363 1512 1401 exercitus
1536 1363 1674 1406 habita,

233 1413 368 1449 clarum
398 1413 570 1449 hastenus
600 1413 851 1460 intelligeret,
879 1426 921 1448 ex
942 1426 1012 1461 qua
1037 1413 1147 1449 etiam
1177 1413 1405 1459 triumphum
1434 1411 1675 1453 recusauerat,

233 1461 400 1498 decreuit
423 1463 519 1498 idern
541 1463 773 1498 barbarorum
795 1461 1031 1498 inclarescere
1053 1461 1253 1509 trophaeis.

1305 1461 1488 1507 roirca
1511 1472 1677 1508 praetex-

235 1521 276 1546 tu
306 1510 518 1546 vindicandi
540 1509 723 1551 Barsemii,
748 1512 976 1547 Atrencrum
1003 1511 1121 1566 regis,
1144 1510 1206 1557 qui
1236 1509 1341 1564 Nigri
1362 1521 1484 1559 partes
1511 1509 1676 1553 fouerat,

193 1555 214 1582 ²
233 1559 434 1596 exercitum
467 1558 505 1595 in
535 1557 718 1596 orientem
745 1558 884 1595 eduxit.
931 1562 1083 1606 Iamque
1108 1559 1148 1595 in
1178 1558 1388 1596 Armeniam
1418 1558 1580 1596 fasturus
1609 1557 1678 1595 im-

233 1619 384 1655 petum,
411 1619 633 1655 praeuentus
661 1620 678 1643 a
707 1620 791 1656 rege
812 1608 1073 1644 Armeniorum
1094 1607 1164 1650 est,
1201 1607 1380 1654 mittente
1406 1607 1546 1646 obfides
1573 1607 1676 1644 vltro

233 1667 271 1693 et
301 1669 471 1698 munera,
498 1669 538 1693 ac
565 1655 779 1704 suppliciter
811 1668 975 1702 petente,
1003 1668 1043 1693 vt
1062 1656 1125 1694 fibi
1148 1670 1233 1694 cum
1261 1657 1327 1693 illo
1356 1657 1451 1694 inire
1476 1655 1677 1700 amicitiam

193 1701 212 1740 ³
231 1704 438 1754 foedusque
458 1705 570 1742 ferire
596 1705 737 1742 liceret.

280 1821 323 1868 c)
349 1819 619 1862 interficiebat,
654 1821 748 1858 nulli
771 1821 927 1858 omnino
963 1855 967 1859 ,

234 1881 408 1917 parcens:
456 1880 495 1905 vt
533 1870 684 1916 quidem
726 1870 931 1912 simulabat,

232 1918 336 1965 quod
357 1917 587 1955 succenseret
606 1919 790 1956 inimicis:
818 1919 876 1957 sed
890 1933 930 1956 re

233 1978 339 2007 vera,
366 1967 467 2015 quod
496 1967 693 2004 immodica
721 1968 755 2005 ei
776 1967 928 2005 auaritia

234 2015 374 2052 inesset.
421 2016 555 2053 Nullus
575 2017 723 2073 quidem
756 2027 858 2055 certe
884 2029 929 2053 ex

232 2065 517 2118 imperatoribus
559 2065 653 2102 adeo
698 2066 929 2114 impotenter

233 2125 406 2160 pecunias
425 2112 570 2149 amauit.
584 2115 692 2157 Nam,
711 2125 752 2151 vt
774 2128 831 2151 an.
855 2126 929 2162 pat.

233 2171 346 2207 atque
369 2162 555 2197 constante
577 2163 742 2200 laborum
764 2164 927 2201 toleran-

232 2208 298 2251 tia,
322 2221 440 2246 rerum
460 2222 529 2256 que
542 2210 752 2249 bellicarum
772 2211 927 2249 admini-

233 2257 427 2299 stratione,
458 2258 563 2294 nullo
590 2262 927 2309 eorum,qu11au-

234 2306 317 2341 dem
341 2305 528 2342 consecuti
547 2306 728 2348 sunr,erat
747 2309 925 2346 inferior.

233 2354 284 2390 ita
297 2353 559 2409 exsuperabat
552 2368 586 2390 un
608 2369 651 2391 eo
665 2359 825 2398 auaritia.
844 2370 926 2393 cae-

233 2403 297 2439 des
317 2403 364 2439 ob
387 2415 463 2438 cam
482 2400 614 2439 'iniuste
633 2417 670 2442 et
698 2408 863 2453 qualibet
882 2407 928 2443 de

233 2452 336 2487 causa
357 2462 614 2498 perpetrante,
641 2454 664 2489 i.
684 2468 716 2491 e.
745 2456 929 2492 leuiffimis

233 2500 344 2536 etiam
387 2502 433 2536 de
467 2499 589 2540 caufis
640 2505 690 2539 At
727 2505 802 2540 Pol.
837 2505 926 2541 haec

230 2551 363 2590 verba,
387 2554 423 2587 ἐκ
451 2565 484 2585 τ.
513 2565 593 2604 ⁷¹1x·
617 2557 749 2593 αἰτίας,
777 2565 860 2592 cum
889 2554 927 2602 ἐξ

233 2599 288 2635 ι’δ.
308 2598 413 2646 wau
432 2609 513 2636 non
543 2598 674 2639 iunxit.
696 2602 816 2653 Steph.

786 1709 910 1756 Qare
938 1708 1119 1748 Seuerus,
1145 1707 1438 1755 procedentibus
1458 1718 1502 1743 ex
1522 1705 1677 1744 sentcn-

1026 1823 1078 1869 cc)
1106 1820 1213 1869 ludos
1233 1822 1281 1860 ob
1301 1821 1508 1859 vinariam.
1534 1823 1679 1859 Memm-

1026 1872 1067 1917 d)
1093 1872 1168 1907 Hic
1188 1869 1305 1907 accus.
1323 1872 1367 1908 ad
1392 1873 1558 1919 praeced.
1580 1873 1679 1908 ludos

979 1920 1164 1960 refertur,
1187 1933 1266 1956 non
1300 1920 1424 1958 habita
1444 1920 1590 1957 ratione
1607 1934 1678 1958 eo-

979 1982 1082 2010 rum.
1111 1981 1203 2016 quae
1222 1969 1306 2006 sunt
1325 1969 1527 2007 interieaa.
1557 1971 1678 2018 Steph-

1027 2019 1062 2066 e)
1090 2021 1213 2065 Qum
1227 2028 1350 2055 autem
1368 2019 1487 2067 longo
1505 2029 1579 2055 tem
1611 2031 1678 2055 ore

978 2067 1125 2123 Romae
1148 2068 1236 2104 effer
1278 2079 1464 2110 moratuS,
1510 2080 1551 2104 ac
1605 2067 1676 2105 lios

977 2115 1125 2163 imperii
1154 2115 1350 2164 participes
1371 2127 1410 2154 et
1423 2116 1592 2153 Caesares
1613 2117 1677 2153 de-

977 2165 1153 2206 clarafset,
1180 2176 1219 2201 et
1239 2165 1373 2213 gloria,
1396 2177 1505 2213 quam
1526 2177 1567 2201 ex
1586 2164 1677 2201 ciui-

975 2214 1000 2251 li
1022 2213 1172 2250 victoria
1197 2224 1235 2249 et
1239 2191 1426 2250 ¹>aduersus
1445 2213 1552 2250 Rom.
1571 2225 1678 2251 exer-

977 2274 1072 2299 CltUS
1099 2273 1374 2308 reportasserat,
1400 2274 1556 2298 minime
1585 2275 1678 2299 (011·

977 2321 1119 2351 tentuS‚
1139 2310 1202 2355 (de
1220 2322 1290 2357 qua
1310 2310 1533 2358 triumphare
1550 2311 1677 2354 etiam,

978 2372 1061 2397 eum
1088 2360 1287 2406 pudebat‚)
1311 2358 1482 2396 aduersus
1504 2361 1676 2397 barbaros

977 2420 1129 2456 quoque
1163 2418 1312 2455 tropaea
1346 2407 1504 2446 excitare
1538 2410 1673 2446 vellet.

978 2468 1215 2512 praetexens
1223 2457 1419 2500 Barsemii,
1442 2459 1673 2495 Atrenorum

975 2505 1098 2555 regis,
1145 2504 1343 2546 amicitiam
1369 2518 1454 2557 erga
1499 2507 1690 2560 Nigrum,

977 2566 1094 2594 exerc.
1115 2574 1151 2584 -
1179 2554 1299 2604 Steph.
