1707 3029
581 112 892 170 LIBER
971 113 1074 173 V..
1483 110 1546 165 85

107 230 149 276 n)
177 228 292 266 laetus
314 225 458 264 senatus
479 223 640 277 Macrini
661 224 883 262 successione
904 223 999 269 fuit,
1027 235 1135 272 quam
1155 222 1268 272 vulgo
1288 219 1448 260 vniuerfi
1469 231 1548 270 gra-

107 278 319 316 tulabantur
339 275 542 312 extinstum
556 276 802 311 Antoninum.
854 275 947 311 Nam
966 286 1011 311 vt
1029 273 1189 320 quisque
1208 273 1406 308 autoritate
1425 271 1546 317 asqua

107 337 171 363 aut
191 325 374 373 dignitate
394 324 661 371 praecellebat,
691 324 739 360 ira
761 324 917 361 maxime
948 323 1207 360 imminentem
1236 322 1307 358 suis
1337 320 1545 357 ceruicibus

107 375 282 422 depuliffe
312 373 476 422 gladium
505 372 756 409 arbitrabatur.
834 372 1030 409 Delatores
1065 383 1187 407 autem
1221 383 1258 408 et
1285 370 1377 405 serui
1415 379 1546 405 omnes

107 424 322 474 quicunque
342 423 518 458 dominos
541 421 774 462 detulerant,
800 421 966 468 patibulo
986 419 1125 457 suffixi:
1153 431 1310 467 totaque
1329 419 1412 454 vrbs
1433 429 1545 463 atque

106 474 200 510 adeo
216 474 421 509 Romanum
444 471 642 517 imperium
665 471 844 508 sceleratis
861 469 1076 507 horninibus
1097 479 1359 517 perpurgatum
1373 491 1383 506 ‚
1413 467 1546 512 partim

105 521 290 569 supplicio
311 520 468 563 affectis,
497 520 628 566 partim
656 523 689 565 o)
709 520 816 556 exitio
837 520 1031 556 mulstatis.
1083 518 1197 566 Qod
1220 517 1309 566 (iqui
1342 527 1467 553 tamen
1499 517 1548 550 la·

107 581 286 610 tuerunt,
320 572 368 618 p)
397 581 498 605 metu
528 569 822 617 quiescentium,
859 569 993 616 (etiam
1016 567 1105 616 ipfi)
1150 567 1331 604 libertatis
1361 563 1546 613 quandam

105 621 308 668 imaginem
330 618 584 666 praeferebant
598 644 608 660 ,
629 631 728 654 anno
752 618 930 655 duntaxat
947 630 1021 654 vno
1041 630 1117 665 quo
1137 616 1328 654 Macrinus
1346 615 1545 661 imperium

105 669 281 706 obtinuit.
335 671 372 717 q)
401 668 551 714 Quippe
574 670 644 703 boc
664 679 807 704 tantum
833 668 1019 714 peccauit,
1048 668 1151 715 quod
1172 679 1249 702 non
1267 664 1471 701 exercitum
1506 662 1543 697 il-

104 719 182 755 Iico
204 716 360 757 dimisit,
388 729 496 764 atque
526 729 758 764 vnoquoque
789 717 943 754 domum
973 717 1108 753 reuerti
1140 714 1251 755 iuss‘o,
1288 713 1362 761 ipse
1391 714 1546 749 Romam

97 767 159 806 ‘sui
181 767 350 813 cupidam
371 766 486 801 statim
516 777 595 802 non
619 767 752 811 petiit,
788 778 949 803 vocante
978 766 1114 813 populo
1137 764 1307 812 quotidie
1328 762 1383 803 se,
1407 775 1447 798 ac
1471 762 1548 797 ‹via-

104 817 250 854 crinum
270 815 519 855 vociferante:
565 815 624 851 sed
653 815 1135 857 Antiochiaemorabatur,
1190 814 1336 850 barbam
1377 812 1546 846 nutriens

107 877 146 902 et
168 864 344 902 incedens
362 867 400 910 r)
420 876 527 911 quam
540 865 682 901 {olebat
701 865 857 905 tentius,
883 864 1180 910 tardiffimeque,
1218 876 1259 899 ac
1286 861 1345 897 vix
1374 858 1544 896 adeunti-

102 917 175 952 bus
196 914 228 950 se
252 914 500 960 respondens,
526 914 696 962 adeoque
717 914 904 950 interdum
928 913 1090 950 submissa
1112 925 1216 953 voce,
1238 922 1278 947 vt
1307 922 1353 946 ne
1383 907 1547 946 e>.audiri

106 964 259 1014 quidem
280 962 404 1010 posset.
459 964 558 999 Haec
578 964 678 998 enim
697 964 845 1000 demum
865 963 924 999 fibi
953 962 998 998 de
1026 961 1141 998 Marci
1170 961 1338 998 moribus
1368 956 1547 995 imitanda

105 1013 368 1062 proposuerat,
401 1024 516 1060 quum
544 1013 588 1048 ad
612 1011 707 1048 iilius
728 1013 902 1060 reliquam
921 1012 1033 1047 vitam
1065 1012 1168 1047 nullo
1201 1010 1305 1058 pacto
1334 1006 1542 1054 adspiraret.

104 1063 261 1110 Qippe
281 1060 491 1097 deliciosius
521 1059 559 1096 in
590 1061 666 1097 dies
699 1062 864 1108 agitans,
907 1059 1219 1107 histrionibusque
1245 1070 1284 1095 et
1313 1057 1547 1095 saltatoribus

104 1113 300 1151 intentus,
327 1122 364 1147 et
385 1110 614 1158 gubernandi
636 1110 853 1159 negligenS,
884 1108 1080 1146 incedebat
1098 1111 1180 1145 cum
1201 1107 1324 1145 fibulis
1354 1118 1394 1141 ac
1421 1105 1546 1142 balteo

104 1159 240 1198 auratis
260 1160 539 1207 gemmatisque.
595 1158 670 1205 Qi
693 1160 798 1194 luxus
818 1159 972 1194 minime
993 1159 1162 1201 Romano
1186 1168 1308 1206 gratus
1336 1165 1418 1192 erat
1447 1166 1534 1190 exer

105 1209 210 1251 citui,
232 1221 337 1251 certe
357 1221 467 1254 quem
487 1208 645 1244 barbaris
666 1217 800 1254 putant
818 1207 1070 1254 foeminisque
1088 1204 1418 1254 congruentiorem
1438 1215 1549 1251 quam

106 1257 279 1306 principi.
358 1257 465 1293 Talia
497 1255 613 1305 igitur
631 1257 664 1303 s)
689 1256 901 1300 intuentes,
929 1268 1154 1304 magnopere
1173 1255 1384 1303 improbare
1404 1262 1549 1292 omnes,

104 1306 295 1354 vitamque
317 1307 424 1354 plane
443 1305 607 1342 hominis
627 1306 856 1351 adspernari,
882 1302 1094 1342 m'olliorem
1114 1316 1225 1352 quam
1243 1313 1287 1339 vt
1307 1301 1549 1339 militariviro

104 1355 351 1392 conueniret:
406 1353 508 1391 simui
549 1366 761 1402 comparare
789 1353 952 1391 inuicem
983 1354 1170 1390 Antonini
1197 1353 1298 1388 vitae
1324 1351 1549 1398 exemplum,

103 1405 250 1443 soiertis
271 1403 450 1450 imprimis
469 1417 508 1439 ac
534 1404 642 1450 piane
665 1404 833 1440 militaris
855 1404 948 1442 viri.
975 1414 1014 1440 et
1040 1402 1198 1439 Macrini
1217 1401 1413 1438 luxuriem.
1445 1401 1547 1436 Prae-

103 1465 204 1492 terea
223 1453 387 1501 grauiter
408 1453 614 1501 indignari,
653 1453 756 1501 quod
788 1452 862 1501 ipse
891 1453 1010 1490 adhuc
1042 1452 1080 1488 in
1106 1450 1354 1488 tabernaculis
1381 1458 1550 1498 agerent.

103 1503 237 1553 procui
256 1515 275 1539 a
303 1503 438 1549 patria,
465 1515 506 1537 ac
527 1515 798 1548 nonnunquam
819 1515 941 1539 rerum
962 1512 1117 1549 quoque
1144 1499 1423 1537 necessariarum
1450 1497 1550 1534 indi-

100 1556 255 1601 gerent:
282 1564 406 1599 neque
427 1550 581 1588 domum
603 1552 904 1590 dimitterentur,
930 1552 1043 1587 etiam
1063 1562 1151 1598 pace
1169 1549 1281 1587 facta:
1310 1560 1428 1596 quum
1452 1546 1549 1583 scili-

103 1613 164 1638 cet
183 1602 245 1637 ilie
265 1613 394 1637 contra
416 1601 620 1637 molliffime
641 1614 680 1636 ac
703 1600 970 1637 deiiciofissime
992 1600 1104 1637 vitam
1118 1599 1272 1635 coleret.
1324 1597 1464 1646 Igitur,
1490 1609 1554 1633 ex·

103 1651 206 1686 cuffis
225 1651 330 1687 velut
348 1650 522 1691 habenis,
548 1649 718 1699 quotidie
743 1651 784 1685 in
803 1649 996 1686 hominem
1023 1649 1311 1687 animabantur,
1357 1658 1397 1682 ac
1418 1644 1553 1682 leuiffi-

102 1712 201 1737 mam
217 1707 408 1748 ,quamque
430 1700 462 1747 t)
483 1698 681 1737 occidendi
701 1699 782 1736 eius
801 1698 1033 1736 occationem
1063 1698 1358 1746 aucupabantur.
1385 1736 1387 1738 ,

789 1786 852 1822 111.
873 1817 877 1819 ,

103 1849 193 1919 Sed
217 1849 265 1886 ita
287 1849 427 1888 scincet
449 1849 528 1887 fato
550 1849 676 1887 datum
707 1849 855 1894 fuerat,
885 1860 926 1888 vt
944 1862 1020 1888 vno
1047 1850 1224 1888 duntaxat
1250 1860 1352 1886 anno
1382 1845 1557 1896 princeps

172 1899 360 1937 Macrinus
378 1901 418 1936 in
435 1899 583 1937 deliciis
608 1900 824 1948 abi‘umpto,
849 1899 953 1938 fimul
977 1912 1059 1937 curn
1080 1899 1154 1936 vita
1174 1898 1375 1946 imperium
1406 1896 1556 1932 amitte·

107 1960 189 1991 ret,
231 1947 399 1997 exiguam
429 1961 660 1996 tenuemque
689 1949 840 1986 fortuna
870 1948 1100 1986 occasionem
1132 1947 1317 1985 militibus
1348 1946 1557 1982 ostentante

105 2000 149 2035 ad
172 2011 213 2034 ea
235 2010 328 2044 quae
351 1997 623 2045 concupierant
655 1999 840 2044 patranda.
911 1998 1034 2035 Maesa
1069 2009 1147 2034 erat
1171 1996 1352 2044 quaedam
1384 1994 1556 2034 nomine,

103 2046 299 2083 Phoenissa
321 2046 478 2088 mulier,
506 2047 548 2082 ab
576 2047 701 2082 Emesa
723 2049 812 2083 vrbe
835 2047 1084 2087 phoeniciae,
1109 2046 1170 2083 cui
1197 2046 1298 2081 soror
1311 2043 1399 2080 Iuiia
1424 2042 1558 2082 fuerat,

103 2095 234 2132 Seueri
254 2095 436 2137 coniunx,
462 2106 503 2130 ac
521 2095 562 2141 v)
592 2106 706 2132 mater
725 2096 928 2133 Antonini.
976 2096 1047 2136 Ea',
1074 2096 1115 2142 x)
1139 2093 1292 2132 viuente
1310 2092 1445 2134 sorore,
1465 2091 1558 2128 mul-

153 2180 192 2222 n)
221 2179 430 2226 gaudebant
474 2189 606 2214 omnes
645 2177 806 2214 Macrini
902 2179 939 2225 r)
968 2178 1231 2224 magislento,
1256 2189 1368 2227 quam
1388 2176 1558 2219 decebat,

104 2228 353 2270 succeffimoe,
389 2238 622 2275 quantopere
653 2227 808 2264 exsuita·
857 2229 986 2277 gradu.
1012 2228 1133 2277 Steph.

107 2279 198 2314 bant
217 2276 340 2313 festam
361 2289 435 2324 que
454 2276 629 2314 laetitiam
651 2276 806 2312 vniuerfi
905 2277 938 2319 s)
969 2277 1138 2315 videntes
1160 2275 1318 2318 milites.
1352 2288 1431 2313 non
1452 2273 1564 2312 valde

105 2327 321 2376 agitabant,
346 2325 449 2374 quod
481 2325 684 2362 Antonino
712 2326 808 2363 liber
859 2327 1086 2374 probabant:
1144 2338 1183 2363 et
1217 2326 1291 2363 vita
1332 2326 1446 2362 etiam
1471 2324 1565 2361 *eius

108 2377 177 2413 rati
202 2374 327 2412 essent.
355 2375 471 2424 Steph.
858 2375 1160 2419 offendebantur,
1185 2386 1229 2413 vt
1243 2373 1429 2417 molliore.
1449 2383 1562 2423 quam

156 2441 200 2489 ο)
236 2442 322 2478 Vox
374 2439 594 2478 Gr..s0nat
642 2441 807 2488 extrusis.
860 2436 955 2472 quae
974 2425 1122 2481 “filimi
1157 2445 1197 2454 ···
1228 2425 1347 2472 Stepb.

111 2489 231 2541 steph,
909 2475 941 2517 t)
965 2475 1117 2511 Molitus
1138 2474 1271 2511 sonunt
1286 2475 1437 2511 Graeca,
1465 2471 1564 2507 sum·

154 2558 206 2606 p)
235 2554 536 2605 quiescentibus,
596 2554 635 2591 in
678 2567 810 2602 magna
860 2523 1037 2560 mouendi
1061 2523 1161 2568 eius,
1199 2523 1301 2570 quod
1319 2522 1487 2559 taedium
1511 2517 1566 2557 af·

109 2603 501 2643 securitatelibertatis
514 2603 702 2651 quandam
718 2607 809 2642 ima·
861 2571 1007 2611 ferebat
1022 2599 1032 2616 '
1058 2573 1116 2608 vel
1135 2571 1357 2609 am⁰''end¹'
1382 2571 1519 2620 Stepae..

138 2655 146 2661 .
910 2633 936 2656 v
1004 2636 1044 2658 ro
1068 2634 1232 2658 nouerca
1280 2621 1422 2657 Memm.

109 2666 236 2705 gmem
258 2655 450 2703 praebent.
485 2655 625 2691 Mfmm·
912 2624 956 2718 x))
978 2635 1066 2709 [ἑοῖο
1089 2672 1187 2708 vitae
1214 2647 1350 2708 so'r'oris
1379 2666 1564 2715 tempore,

157 2721 200 2768 q)
225 2719 297 2764 Sed
311 2719 383 2756 hoc
394 2730 539 2758 tantum
549 2730 649 2769 pecc.
659 2719 780 2769 Steph.
855 2721 997 2760 mustos
1018 2719 1193 2758 videlicet
1210 2731 1328 2758 annos
1347 2719 1386 2756 in
1398 2717 1560 2769 -Stepin

1591 370 1614 452 ναΐ*

1573 1160 1616 1187 10

1573 1259 1615 1285 11

1572 1358 1616 1383 12

1572 1405 1613 1443 ¹3

1574 1555 1617 1593 ¹4
