1707 3029
200 83 265 135 78
376 45 1433 137 HERODJANIHISTORIAE

157 201 179 236 ς
197 206 340 232 nouum
358 207 519 244 nuptum
535 207 783 244 ‘excepturu5‚
811 209 1065 248 generumque
1094 201 1212 240 suum.
1272 204 1306 249 i)
1326 203 1397 240 Sed
1429 199 1600 242 barbato-⁴

195 255 280 281 rum
301 257 428 294 magna
449 245 677 288 multitudo,
701 245 854 282 floribus
885 247 1071 296 indigenis
1099 252 1290 294 coronati,
1327 263 1437 300 atque
1469 254 1595 291 induti

196 294 314 330 vestes
330 307 421 330 auro
441 293 665 342 diuerlisque
685 295 876 332 coloribus
895 298 1021 340 varias,
1050 299 1177 337 festum
1196 302 1395 348 agitabant,
1418 303 1462 337 ad
1486 303 1596 339 tibia-

194 355 281 380 rum
315 343 588 390 fistularumque
619 354 659 379 et
693 355 956 389 tympanorum
1003 347 1145 385 soni-tus
1184 350 1357 386 saltantes
1381 352 1591 396 numerose.

195 392 337 441 quippe
356 391 610 428 huiuscemodi
639 390 810 439 tripudiis
836 393 941 439 supra
960 396 1113 433 modurn
1134 398 1381 439 delectantur.
1417 400 1594 444 (praeser-

155 442 179 476 6
198 442 281 487 tim)
309 453 423 488 quum
444 441 480 477 se
501 451 643 477 temeto
664 442 797 488 largius
819 442 1037 481 inuitarunr.
1087 447 1157 483 Sed
1178 449 1238 483 vbi
1252 448 1592 485 omnismultitudo

194 491 397 531 confluxit,
425 502 464 524 ac
484 490 614 526 reliffis
629 493 759 537 equis,
795 491 1048 540 pharetrisque
1065 506 1103 531 et
1122 500 1277 532 arcubus
1298 496 1493 543 depolitis,
1532 498 1596 532 in-

191 550 252 577 ¹ter
270 538 443 575 libamina
462 550 502 575 et
521 539 652 574 calices
670 538 876 586 agitabant,
900 541 1122 589 collectique
1153 545 1190 579 in
1212 557 1324 580 vnum
1356 545 1597 582 barbarorum

155 587 478 636 7quamplurimi‚
505 599 651 624 temere
669 588 948 637 inordinatique
971 592 1233 633 constiterant,
1265 594 1360 630 nihil
1390 594 1596 640 suspetlan-

154 643 174 676 8
196 649 252 673 tes
272 636 370 677 mali,
398 636 458 672 sed
479 649 544 682 pro
568 637 602 672 se
623 636 778 683 quisque
801 638 987 675 studentes
1007 641 1132 678 videre
1147 653 1289 678 nouam
1303 653 1481 690 nuptum:
1509 655 1594 680 tum

194 687 298 734 §igno
316 689 401 723 dato
428 686 646 722 Antoninus
673 685 855 722 militibus
886 687 1062 733 impera-t.
1089 690 1271 736 impetum
1292 693 1519 740 caedemque
1551 693 1594 728 in

152 742 174 776 9
195 737 366 773 barbaros
385 734 532 770 faciant.
583 735 658 776 nli,
694 748 731 770 re
752 734 865 772 subita
881 738 1097 782 perterriti,
1130 741 1368 776 caedentibus
1399 740 1596 777 saucianti-

194 781 343 831 busque
361 785 534 819 Romanis
557 793 656 831 terga
669 785 892 822 obuertunt.
945 787 1026 832 Ipse
1045 789 1251 825 Artabanus
1272 790 1292 825 a
1314 790 1385 826 suis
1407 788 1596 836 stipator-i-

129 869 133 871 ,
193 835 261 870 bus
277 844 414 879 raptuS‚
440 844 549 880 atque
564 844 665 879 equo
685 832 889 879 impolitus.
915 834 975 870 vix
994 848 1176 883 aegreque
1196 850 1279 873 cum
1302 838 1423 886 paucis
1446 838 1594 885 fugiens
1614 872 1617 874 .

126 890 174 915 10
191 882 365 919 elabitur.
416 882 570 927 Reliqua
594 895 684 917 vero
714 881 917 918 multitudo
949 884 1181 921 barbarorum
1212 888 1328 932 pallim
1362 887 1596 923 caedebatur.

191 931 332 979 quippe
353 942 476 976 neque
497 942 610 978 equos
630 929 827 973 habebant,
853 933 987 979 qui-bus
1008 934 1163 969 maxime
1184 946 1354 976 vtuntur,
1381 936 1597 981 (descende-

189 991 273 1017 rant
293 978 396 1016 enim
416 991 459 1014 ex
477 979 542 1019 iis,
573 980 785 1027 pastumque
804 979 1036 1027 dimiserant)
1062 995 1186 1030 neque
1223 983 1287 1034 ipfi
1321 984 1478 1020 euadere
1505 985 1596 1031 fuga

189 1039 385 1076 poterant,
412 1028 645 1074 impediente
664 1031 807 1066 cursum
827 1030 922 1066 fluxa
943 1030 1062 1072 veste,
1088 1033 1133 1067 ad
1157 1036 1272 1077 pedes
1291 1045 1405 1079 vsque
1422 1033 1595 1074 deduCta.

189 1079 305 1115 Porto
325 1078 508 1123 pharetras
529 1089 600 1114 ⁴aut
619 1090 722 1114 arcus
749 1079 908 1115 omnino
937 1091 1017 1115 non
1038 1082 1262 1118 attulerant:
1289 1095 1375 1117 nam
1403 1082 1494 1129 quid
1523 1082 1598 1118 illis

128 1141 167 1166 11
190 1137 284 1173 opus
306 1127 350 1161 ad
373 1126 549 1172 nup-tias?
595 1129 644 1162 lta
665 1128 808 1176 ingenti
829 1127 940 1163 caede
972 1128 1204 1166 barbarorum
1224 1130 1337 1172 facia,
1375 1131 1597 1168 Antoninus

189 1180 401 1223 praedaque
415 1184 459 1210 et
478 1175 692 1212 hominibus
711 1188 842 1224 magna
864 1176 971 1223 copia
990 1179 1105 1223 captis
1115 1179 1284 1220 discedit,
1311 1178 1493 1216 resrstente
1512 1180 1596 1216 nul-

190 1225 251 1266 10,
277 1223 444 1270 vicisque
465 1234 504 1259 et
525 1225 675 1261 vrbibus
694 1224 872 1267 iucenfis,
896 1227 977 1261 data
1008 1227 1187 1271 potestate
1216 1228 1397 1264 militibus
1426 1227 1596 1275 rapiendi

127 1286 172 1312 12
191 1273 294 1321 quod
308 1272 473 1320 quisque
484 1273 602 1319 posset
613 1286 674 1310 aut
688 1275 816 1310 vellet.
867 1275 974 1310 Hanc
997 1275 1110 1323 igitur
1131 1277 1371 1313 calamitatem
1396 1278 1494 1314 haud
1513 1277 1597 1324 opi-

189 1335 281 1359 nato
306 1321 452 1359 ‘barbari
480 1333 714 1370 acceperunt.
763 1324 983 1359 Antoninus
1002 1335 1144 1366 autem,
1177 1326 1366 1375 regionem
1391 1327 1596 1363 Parthicam

191 1371 342 1420 penitus
362 1370 553 1418 ingressus,
578 1371 721 1408 defeffis
741 1371 812 1407 iam
832 1372 1009 1418 rapiendo
1032 1374 1297 1422 caedendoque
1316 1375 1510 1417 militibus,·
1539 1388 1598 1412 re-

128 1427 171 1465 13
192 1420 351 1458 uertitur
373 1419 412 1455 in
432 1419 756 1465 Mesopotamiam,
809 1423 975 1468 Indeque
1004 1421 1146 1457 senatui
1172 1424 1394 1471 *populoque
1422 1425 1596 1461 Romano

192 1482 256 1518 per
276 1469 402 1505 literas
421 1467 620 1516 significat,
646 1469 833 1506 sabanum
855 1483 872 1505 a
894 1471 928 1507 se
953 1469 1162 1511 orientem,
1190 1473 1417 1520 cunctosque
1442 1471 1480 1518 k)
1495 1472 1594 1511 illius

126 1528 173 1563 14
190 1518 295 1567 regni
325 1519 500 1554 mortales
518 1518 557 1554 in
589 1519 686 1555 suam
715 1518 898 1556 ditionem
927 1520 1146 1556 conceffiffe.
1201 1524 1252 1556 At
1279 1521 1443 1564 senatus,
1477 1534 1595 1570 quan-

190 1580 301 1615 quam
324 1567 439 1603 totius
462 1566 757 1615 negotiivgnarus
801 1568 957 1615 (quippe
977 1569 1226 1617 l).principum
1256 1582 1312 1606 res
1342 1570 1456 1607 latere
1485 1573 1594 1609 nullo

189 1618 294 1667 pasto
320 1615 485 1662 potsunt)
508 1628 611 1652 metu
632 1628 755 1652 tamen
777 1629 886 1665 atque
908 1616 1153 1654 assentatione
1181 1620 1331 1656 cunetos
1348 1617 1404 1654 illi
1432 1621 1596 1658 honores

126 1676 169 1714 ις
189 1665 364 1702 vistoriae
385 1666 600 1701 decernunt.
651 1665 819 1702 Substitit
848 1676 974 1703 autem
1003 1666 1080 1712 post
1101 1667 1137 1703 id
1158 1668 1375 1704 Antoninus
1406 1667 1447 1704 in
1467 1669 1592 1707 Meso-

159 1747 163 1751 .
187 1714 367 1764 potamia,
390 1713 509 1752 studio
531 1713 722 1763 aurigandi
741 1727 781 1751 ac
800 1715 988 1752 beluarum
1006 1716 1269 1755 venationibus
1290 1717 1471 1756 intentus.

842 1819 922 1856 X11.

186 1884 325 1950 Erant
353 1894 471 1921 autem
499 1883 672 1933 praefecti
703 1885 935 1922 exercituum
963 1884 1061 1927 duo,
1090 1885 1302 1923 Audentius
1331 1896 1370 1923 et
1391 1887 1594 1927 Macrinus.

145 1941 167 1965 Β
267 1945 426 1978 quorum
447 1934 551 1977 alter,
572 1938 621 1979 m)
635 1936 742 1970 valde
760 1936 869 1971 senex
887 1934 971 1975 iam,
995 1947 1193 1983 rerumque
1215 1934 1382 1971 ciuilium
1407 1937 1514 1982 plane
1535 1950 1594 1975 ru-

187 1982 257 2024 dis,
282 1981 376 2019 haud
398 1993 522 2020 tamen
544 1984 735 2031 imperitus
755 1982 805 2019 rei
828 1983 998 2019 militaris
1018 1985 1242 2021 habebatur:
1271 1984 1377 2027 alter,
1406 1997 1444 2021 et
1457 1985 1594 2023 inforo

146 2037 167 2075 3
188 2031 370 2074 versatus,
395 2043 432 2068 et
455 2035 579 2080 legum
600 2032 896 2069 consultiffimus.
955 2034 998 2068 ln
1020 2033 1121 2069 hunc
1141 2032 1274 2080 igitur,
1314 2045 1354 2069 vt
1373 2046 1498 2081 parum
1521 2035 1594 2072 mi-

185 2080 329 2116 litarem
349 2081 575 2128 minimeque
604 2080 744 2118 fortem
773 2080 912 2123 virum,
942 2081 1091 2128 publice
1119 2094 1392 2131 nunnunquam
1420 2084 1592 2131 princeps

112 2133 117 2144 ¹
145 2139 170 2172 4
188 2128 448 2172 cauillabatur‚
475 2144 523 2168 ne
541 2131 720 2168 conuiciis
739 2131 892 2179 quidem
911 2132 1075 2180 turpibus
1097 2130 1292 2168 abstinens.
1342 2130 1439 2169 Nam
1461 2133 1592 2171 audito

185 2237 279 2266 nus»
306 2225 427 2264 donec
448 2230 492 2266 ad
512 2228 548 2264 se
568 2229 772 2272 accederet,
799 2228 860 2266 sed
959 2229 1008 2275 m)
1035 2228 1141 2265 valde
1171 2229 1242 2264 iam
1271 2227 1467 2275 provectae
1491 2239 1590 2266 aeta-

187 2275 345 2310 eccurrit
364 2276 398 2310 ei
422 2279 459 2313 in
481 2279 588 2325 quad.
642 2280 759 2328 Steph.
910 2279 981 2319 tis,
1009 2278 1058 2314 rin
1095 2278 1248 2313 caeteris
1292 2277 1445 2324 quidem
1479 2280 1589 2316 rebus

234 2324 265 2365 i)
293 2324 392 2360 ‘rota
413 2338 534 2362 nutem
554 2327 652 2363 barb.
666 2341 713 2363 m.
741 2329 858 2375 Steph.
909 2327 1048 2368 idiota,
1073 2337 1192 2372 rerum
1226 2338 1298 2371 que
1329 2325 1496 2362 civilium
1517 2327 1588 2364 im·
1640 2360 1643 2366 s

235 2370 274 2414 k)
300 2374 380 2408 Pol.
406 2375 468 2411 suo
496 2387 598 2411 more
624 2389 754 2413 vocem
773 2377 859 2415 ἕπε’·
910 2376 1051 2423 peritus
1085 2386 1184 2416 erat,
1222 2373 1282 2410 sed
1320 2385 1398 2410 arte
1433 2375 1589 2414 militati

185 2436 276 2460 utrm
299 2423 393 2458 male
415 2424 690 2470 interpretatur.
741 2427 858 2475 Steph.
907 2423 1056 2460 valuiffe
1091 2423 1377 2459 existimabatur:
1418 2423 1478 2460 cui
1516 2435 1587 2461 no.

182 2469 375 2517 Significat
394 2483 516 2507 autem
537 2474 720 2510 ulterioris
741 2476 858 2523 regni,
909 2485 995 2509 men
1018 2472 1245 2509 Audentius:
1272 2473 1384 2514 alter,
1417 2473 1481 2520 qui
1503 2475 1586 2510 Ma.

183 2519 251 2555 ie.
269 2520 362 2555 ultra
376 2521 601 2568 Euphratem
617 2524 859 2570 etTigridem
908 2522 1032 2558 crinus
1062 2521 1280 2562 vocabatur,
1323 2533 1409 2556 cum
1431 2520 1584 2560 aliarum

183 2567 253 2604 firi.
281 2569 371 2614 Sylh.
905 2569 1106 2608 forensium
1126 2582 1271 2610 rerum,
1298 2581 1377 2606 tum
1406 2583 1496 2608 vero
1524 2571 1583 2608 le-

229 2619 260 2662 l)
288 2618 422 2659 lat-cre,
450 2629 543 2665 quae
561 2620 656 2657 fiunt
678 2622 720 2657 ab
741 2624 859 2671 lmpe-
905 2632 991 2671 gum
1010 2619 1152 2670 petitus
1171 2630 1260 2657 etat.
1308 2619 1430 2668 Stepb.

182 2677 327 2709 tatere,
353 2678 390 2703 n.
412 2679 445 2715 p.
468 2668 557 2717 puls.
605 2671 723 2720 steph.
