1707 3140
616 106 1033 153 LIBERI.
1500 119 1561 166 19

111 219 205 257 tidie
222 218 434 267 praestabat.
481 219 659 267 Idemque
677 220 714 267 q)
734 217 912 255 mensium
933 218 1086 254 nomina
1111 218 1331 259 demurauir.
1357 230 1397 254 ac
1416 231 1482 266 pro
1499 232 1561 257 ve-

112 269 215 305 tustis
237 268 548 316 appellationibus
576 280 692 305 nouas
721 271 766 304 de
786 268 860 305 suis
879 267 1168 321 cognominibus
1191 268 1377 315 imposuit,
1400 281 1559 316 quorum

111 318 156 353 ad
176 319 374 354 Herculem
395 322 570 365 pleraque
598 329 777 364 tanquam
799 317 938 353 scilicet
963 317 1005 352 ad
1035 316 1268 353 fortiffimum
1292 318 1559 354 rererebantur.

110 368 216 413 Qin
237 367 366 404 statuas
385 379 538 415 quoque
565 367 630 403 sibi
652 377 730 403 tota
749 367 842 402 vrbe
874 366 976 421 poni·
996 366 1113 407 iufiir,
1145 367 1261 421 inque
1288 365 1332 402 iis
1354 379 1460 402 vnam
1491 379 1558 415 pro
1577 375 1619 408 18

112 416 246 457 Curia,
283 428 378 471 quae
408 428 528 454 arcum
561 417 829 452 contenderet:
861 427 900 452 vt
926 414 1036 452 etiam
1065 415 1242 464 imagines
1270 415 1368 461 ipsae
1398 428 1557 452 terrores
1578 428 1620 462 ¹9

109 476 223 512 atque
246 465 361 501 minas
383 478 467 513 prae
497 466 530 502 le
552 465 708 501 ferrent.
762 467 882 512 Qam
913 464 1000 500 dein
1039 475 1164 500 tamen
1197 471 1340 500 renatus
1359 466 1440 513 post
1459 465 1559 502 illius

109 515 258 552 obitum
281 514 439 558 lunulit,
462 527 608 565 proque
639 526 681 552 ea
707 513 906 552 Libertatis
934 513 1133 563 imaginem
1153 513 1328 562 repoluit.

797 630 881 667 XV.

108 695 375 763 Commodus
396 707 565 739 autem,
570 710 685 745 quum
707 707 913 744 temperare
940 696 1013 733 iam
1035 693 1097 732 fibi
1118 695 1212 732 vltra
1233 707 1312 732 non
1333 696 1462 743 posset,
1492 709 1563 744 pu·

203 745 298 782 blice
316 746 515 793 sseaacula
536 747 646 783 edere
666 746 858 794 profeffus,
882 758 1013 782 omnes
1033 745 1067 781 se
1086 746 1144 783 sua
1167 757 1278 782 manu
1305 745 1397 782 seras
1419 747 1562 784 occisu-

108 807 193 834 rum
212 795 468 842 pollicebatur,
487 807 524 834 et
538 796 838 833 cumfortiffimis
858 796 1071 850 quibusque
1092 795 1271 831 iuuenum
1293 795 1391 844 sing
1387 797 1462 832 l.ari
1484 808 1564 832 cer-

109 843 251 882 tamine
280 845 592 902 depugnatutum.
643 847 690 882 Ea
711 857 827 902 quum
849 844 1057 881 rumoribus
1083 846 1373 885 celebrarentur,
1400 857 1598 884 concur-2

110 896 242 932 rebant
272 907 316 930 ex
339 895 439 932 ltalia
468 896 572 932 omni
601 908 641 932 ac
671 893 838 932 finitimis
859 894 1035 943 gentibus
1064 893 1224 930 vniuerli
1253 893 1296 930 ad
1317 893 1353 928 id
1376 892 1560 940 spestacu-

110 945 212 984 lum,
238 944 340 991 quod
359 957 428 980 nec
448 956 556 981 antea
585 944 703 981 oculis
723 944 1002 991 vsurpauerant,
1030 955 1152 991 neque
1183 955 1342 990 vnquain
1364 943 1477 979 fando
1499 956 1562 980 au·

112 993 295 1030 diuexant.
347 993 572 1039 Siquidem
564 1005 613 1030 ita
645 993 712 1029 else
735 1004 832 1029 certa
866 1004 993 1029 manus
1015 993 1115 1028 illius
1145 993 1356 1033 dicebatur,
1384 1005 1423 1030 vt
1441 993 1554 1040 quod
1563 1005 1582 1042 3

110 1054 262 1089 cunque
290 1041 498 1085 destinaret,
529 1044 651 1080 iaculo
672 1042 850 1091 sagittaue
879 1041 1129 1088 contingeret.
1177 1042 1364 1088 Erantque
1385 1054 1467 1077 cum
1483 1043 1589 1101 illo4

111 1092 245 1127 affidue
272 1092 488 1129 Parthorum
511 1093 685 1129 letiiffimi
709 1085 906 1139 sagittarii,
928 1103 970 1126 ac
987 1091 1175 1127 Numidae
1200 1088 1518 1139 praestanttffimi
1511 1104 1558 1126 ia-

113 1141 322 1178 culatores:
357 1152 453 1187 quos
483 1142 549 1178 ille
576 1153 700 1177 tamen
732 1140 879 1177 omneis
909 1140 1023 1188 longe
1051 1139 1207 1176 artificio
1232 1140 1436 1186 superabat.
1489 1138 1598 1189 vbi5

111 1201 237 1226 autem
264 1189 459 1236 spestaculi
480 1190 559 1226 dies
578 1190 711 1230 adtuit,
740 1191 865 1237 pleno
873 1189 1147 1244 amphitheatro
1167 1187 1424 1225 exaedificatus
1446 1192 1562 1226 Com-

110 1240 226 1294 modo
245 1237 479 1284 peridromus
499 1239 634 1281 fuerat,
661 1243 742 1286 (per
763 1250 874 1284 quem
897 1239 1091 1274 decurrere
1119 1237 1158 1273 in
1191 1239 1319 1274 orbem
1342 1238 1484 1286 possen)
1514 1251 1562 1274 ne

110 1287 281 1324 cominus
303 1299 389 1323 cum
409 1287 530 1326 bestiis
552 1301 719 1343 pugnans
740 1287 1036 1335 periclitaretur,
1063 1286 1123 1324 sed
1148 1287 1310 1334 superne
1339 1300 1378 1322 ac
1400 1289 1445 1324 de
1473 1299 1561 1324 tuto

110 1336 199 1374 loco
229 1337 302 1372 tela
338 1336 529 1380 iaciendo,
566 1337 751 1374 iaculandi
779 1336 904 1384 potius
936 1336 1125 1373 scientiam
1154 1349 1262 1392 quam
1293 1335 1561 1374 fortitudinem

112 1386 325 1423 ostentaret.
388 1388 529 1424 Ceruos
562 1386 674 1436 igitur
701 1398 740 1424 et
769 1389 913 1430 damas,
951 1387 1040 1424 item
1070 1387 1261 1433 cornigera
1287 1387 1379 1428 alia,
1416 1393 1599 1434 praeter6

111 1447 250 1477 tauroS,
275 1447 426 1472 currens
447 1436 584 1484 pariter
606 1437 682 1485 ipse
703 1447 814 1484 atque
834 1435 1035 1483 insequens
1053 1436 1272 1482 impetebat,
1300 1448 1339 1472 ac
1357 1448 1562 1482 praeuenta

109 1486 199 1533 fuga
228 1484 432 1522 certiffimis
452 1486 580 1522 fletibus
600 1486 876 1533 prosternebat.
906 1487 1037 1522 leones
1058 1497 1145 1520 veto
1176 1496 1214 1521 et
1237 1486 1447 1571 panssieras,
1475 1486 1563 1521 alia-

112 1547 187 1584 que
208 1532 244 1569 id
267 1546 381 1582 genus
402 1535 621 1572 nobiliffima
641 1534 826 1577 animalia,
852 1547 1003 1571 currens
1031 1534 1071 1571 in
1096 1534 1225 1571 orbem
1257 1534 1318 1578 sup
1346 1547 1412 1570 rne
1435 1533 1564 1571 iaculis

111 1582 380 1620 confodiebat:
408 1584 454 1621 fic
476 1596 516 1621 vt
544 1597 615 1621 nec
646 1586 763 1621 telum
783 1583 983 1632 quisquam
1013 1583 1235 1626 secundum,
1263 1596 1330 1620 nec
1354 1585 1489 1621 vulnus
1510 1584 1564 1620 vi-
1580 1598 1603 1634 7

110 1633 214 1670 derit
237 1632 301 1669 nili
330 1634 559 1670 lethiferum.
593 1635 689 1672 Nam
720 1644 761 1670 vt
789 1646 949 1687 primum
969 1633 1004 1670 se
1030 1634 1108 1671 fera
1138 1632 1418 1674 concitauerat,
1441 1633 1563 1670 statim

109 1683 210 1720 illam
232 1682 321 1718 vel
312 1696 348 1719 in
372 1682 500 1720 fronte
530 1684 591 1720 vel
622 1684 660 1720 in
690 1686 802 1720 corde
834 1682 1040 1725 sauciabat,
1067 1685 1106 1727 r)
1129 1684 1236 1718 nullo
1265 1693 1451 1730 praeterea
1480 1682 1596 1725 vsusg

109 1733 236 1779 scopo,
265 1744 387 1780 neque
416 1733 460 1768 ad
488 1733 595 1769 aliam
623 1733 793 1780 corporis
815 1742 959 1780 partem
983 1733 1060 1768 telo
1089 1732 1294 1768 destinato.-
1323 1731 1370 1767 fic
1397 1742 1438 1768 vt
1467 1732 1563 1778 pari-

112 1794 170 1820 ter
196 1794 280 1819 cum
303 1782 459 1819 vulnere
487 1783 565 1828 ipso
597 1781 855 1819 conficeretur.
907 1783 1106 1819 Caeterum
1129 1781 1261 1818 bestiae
1291 1780 1564 1830 conquireban-
1577 1792 1599 1826 9

112 1844 172 1870 tur
202 1830 388 1879 vndique:
415 1844 455 1867 ac
476 1843 555 1869 turn
579 1833 739 1879 primum
759 1832 920 1868 vidimus
927 1843 1035 1888 quae
1063 1843 1150 1868 anre
1179 1830 1217 1867 in
1241 1831 1389 1875 pisturis
1408 1831 1563 1868 miraba-

113 1893 207 1918 mur.
259 1880 416 1928 Quippe
435 1894 478 1917 ex
497 1881 600 1917 India
611 1881 901 1928 Aethiopiaque,
924 1880 1093 1928 itemque
1114 1894 1133 1916 a
1155 1879 1311 1918 meridie
1324 1891 1364 1917 et
1379 1893 1397 1915 a
1418 1880 1478 1928 sep
1484 1890 1568 1917 ten·

113 1929 302 1967 trionibus
322 1930 499 1978 quicquid
525 1931 764 1980 incognitum
786 1930 973 1978 prioribus
1000 1931 1130 1967 seculis
1152 1930 1286 1971 fuerat,
1314 1894 1482 1966 confecit
1502 1929 1566 1966 ille

117 1978 254 2026 pariter
275 1990 386 2024 atque
406 1980 579 2022 ostendit,
607 1981 712 2017 nullo
739 1992 816 2016 nun
846 1980 1101 2026 obstupefacto
1132 1991 1207 2016 tam
1230 1990 1328 2016 certa
1360 1980 1419 2015 illa
1450 1991 1564 2015 manu
1583 1992 1627 2017 10

116 2038 270 2075 tamque
287 2039 472 2075 nusquam
494 2029 575 2065 telis
606 2031 872 2067 aberrantibus.
926 2031 1028 2066 idem
1059 2028 1156 2076 aliqu
1161 2030 1259 2065 ando
1287 2028 1436 2075 sagittas
1458 2029 1562 2064 luna*
1586 2041 1627 2068 tr.

117 2087 178 2112 tae
197 2075 358 2122 cuspidis
386 2077 426 2112 in
447 2078 646 2114 Maurufias
668 2079 827 2115 struthos
846 2078 1098 2124 intorquebat,
1127 2090 1222 2125 quae
1244 2087 1282 2112 et
1308 2079 1446 2123 pedum
1468 2077 1566 2113 cele-

117 2125 229 2161 ritate
257 2136 295 2162 et
325 2125 463 2161 alarum
495 2127 591 2175 quali
619 2127 712 2162 velis
739 2128 909 2174 ocyssime
947 2127 1185 2167 terebantur,
1226 2125 1272 2162 fic
1300 2138 1344 2161 vt
1380 2128 1566 2164 summum

117 2173 360 2222 contingeret
384 2175 546 2231 collum.
576 2187 690 2223 atque
713 2175 762 2212 ita
792 2175 911 2230 capita
942 2187 1164 2222 amputaret,
1195 2187 1233 2212 vt
1252 2175 1384 2212 exeffis
1407 2176 1568 2212 ceruici-

117 2225 189 2260 bus
217 2224 308 2272 (qui
338 2223 434 2258 teli
425 2237 586 2282 impetus
613 2225 766 2271 rueram)
792 2228 826 2270 s)
847 2223 1060 2273 aliquandiu
1084 2236 1207 2261 tamen
1240 2225 1454 2262 iiuentibus
1474 2225 1568 2262 limi-

115 2273 189 2312 lem
211 2271 357 2310 cursum
382 2275 663 2312 continuarent.
717 2274 826 2320 Quin
853 2284 893 2311 et
922 2275 1162 2322 pantheram,
1191 2286 1285 2323 quae
1311 2274 1453 2312 scilicet
1473 2275 1564 2312 edu·
1587 2290 1629 2316 ιο

115 2389 362 2436 spiciebatur,
397 2389 420 2426 i.
453 2403 486 2427 e.
523 2390 587 2428 tali
618 2391 748 2429 habitu
776 2389 818 2429 in
916 2393 954 2440 r)
977 2393 1032 2428 Ac
1059 2404 1252 2449 nunquam
1274 2392 1388 2430 alium
1416 2393 1574 2440 scopum
1604 2412 1609 2415 ·

115 2439 307 2488 publicum
336 2438 520 2486 prodibat.
546 2442 663 2491 Steph.
704 2467 707 2469 -
867 2439 930 2478 libi
941 2441 1167 2498 propoluit‚
1202 2455 1329 2500 neque
1355 2442 1461 2478 aliam
1488 2453 1573 2478 cor-

166 2490 204 2538 q)
235 2489 395 2536 meufium
424 2501 636 2528 annuorum
662 2491 816 2528 nomina.
868 2491 969 2538 poris
989 2502 1129 2538 partem
1149 2492 1274 2540 attigit
1292 2491 1573 2546 iaculum,quin

116 2539 302 2587 Intelligit
329 2548 452 2575 autem
482 2539 630 2577 fortasse
655 2542 817 2587 menst'um
868 2539 973 2578 limul
994 2553 1034 2579 et
1062 2544 1274 2595 vulneraret
1302 2553 1341 2580 et
1369 2540 1571 2578 occideret.

117 2587 236 2623 totius
265 2589 366 2624 anni.
423 2589 577 2635 Alioqui
606 2592 820 2647 superuaca-
869 2590 985 2638 Steph.

117 2649 235 2673 neum
263 2637 356 2674 illud
386 2637 597 2678 s’usoevmatoev
623 2640 736 2678 nobis
766 2641 821 2678 vi·
921 2644 953 2688 s)
982 2640 1101 2677 adhuc
1127 2641 1461 2679 circumcurrerent
1493 2649 1572 2676 tane

116 2686 196 2724 deti
218 2697 342 2735 queat.
377 2688 495 2738 Steph.
875 2702 987 2739 quam
1005 2690 1161 2730 illaesae.
1190 2693 1311 2740 θηρί’.
