1707 3140
338 145 522 186 SVPER
552 143 748 185 OPERE
780 142 1195 182 HERODmNizO.
1420 152 1475 182 xv

26 304 28 307 .
63 258 239 315 dignor,
271 261 406 298 Tuam
440 259 546 297 mihi
576 259 621 297 in
653 257 858 312 posterum
886 257 1132 301 amicitiam,
1166 265 1207 294 et
1238 252 1480 293 benivolen-

63 318 165 357 tiam
196 316 377 371 deneges
409 316 576 371 quaeso,

180 376 322 414 Veteri
352 375 548 413 Traiectu
578 374 774 412 Batavor.
805 373 844 411 d.
874 372 973 412 XII.
998 372 1111 426 Sept.
1134 370 1482 410 cloIochxxxn.

62 480 1190 492 ——————————-——-———-——-———————

64 560 218 606 vfflo
276 560 678 605 Doc‘mssnvio
738 545 1481 618 PRAESTANTISSIMOQVE

77 651 81 655 ’
109 654 166 697 Τ.
189 653 245 697 G.
269 618 622 697 lssmlscfflo
647 652 692 694 s,
713 652 765 694 P.
787 651 848 694 D.
873 650 1433 717 CHRISTQSAXIVS.

173 762 348 802 Literae
394 772 491 800 tuae
537 760 577 800 d.
619 759 823 801 XXVIII.
863 761 1015 800 Martii
1056 759 1138 799 hoc
1178 775 1288 799 anno
1328 759 1482 813 perhu-

61 820 243 859 maniter
273 818 322 858 ad
357 833 421 858 me
453 818 704 872 perscriptae
722 819 846 859 initio
869 819 1035 859 demum
1058 818 1184 856 huius
1205 818 1354 858 mensis
1377 816 1481 857 mihi

58 876 292 929 libellionis
331 876 546 915 cuiusdam
590 875 819 916 ministerio
859 876 1046 916 redditae
1075 877 1274 922 fuerunt,
1315 876 1356 913 in
1391 876 1481 930 qui-

59 934 139 973 bus
166 948 260 975 cum
296 949 375 972 nec
408 933 619 973 literarum
653 949 836 971 mearum
870 934 921 972 ad
961 944 1002 973 te
1044 933 1084 973 d.
1112 933 1213 973 XII.
1246 933 1482 987 Septembr.

58 991 266 1046 superiori
297 1005 407 1029 anno
442 1002 724 1037 exarmatum,
757 1007 833 1030 nec
869 991 1058 1030 fasciculi
1089 991 1225 1034 illius,
1260 1006 1343 1045 quo
1367 991 1483 1030 char-

60 1059 123 1088 tas
153 1059 243 1087 tuas
275 1062 419 1088 omnes
449 1049 738 1088 Herodianeas
770 1049 818 1088 ad
851 1060 892 1088 te
924 1048 1194 1103 reportandas
1217 1048 1482 1094 incluseram,

60 1105 339 1155 meminisses,
379 1120 516 1144 meum
554 1105 774 1154 saneeffe
814 1105 1024 1155 iudicavi,
1068 1105 1249 1159 duplicis
1293 1117 1333 1146 te
1371 1105 1483 1144 fliius

60 1164 263 1219 miffionis
295 1164 513 1202 certiorem
544 1163 709 1215 facere,
737 1177 994 1218 rogareque,
1031 1178 1084 1202 ne
1118 1163 1162 1202 in
1203 1179 1293 1208 me,
1332 1178 1485 1203 meam-

60 1215 287 1274 quesfo'rte
316 1219 583 1274 ¹obsequendi
602 1218 833 1269 duritiam,
880 1219 952 1260 sed
981 1222 1024 1259 in
1063 1219 1345 1260 redemtorum
1377 1222 1484 1259 eius·

59 1275 179 1316 modi
218 1277 360 1332 operis=
401 1274 654 1330 φιλοκέρδειαν
695 1280 861 1332 culpam
903 1280 1121 1326 conferas,
1172 1279 1202 1318 fi
1247 1289 1483 1332 temporum

59 1334 263 1389 iniquitas
291 1349 422 1375 novas
453 1335 652 1375 inchoare
680 1335 773 1390 spes
806 1337 931 1375 etiam
962 1352 1074 1374 nunc
1101 1347 1227 1377 vetet.
1299 1339 1483 1376 Tantum

60 1393 174 1432 enim
207 1391 342 1441 abest,
385 1403 433 1432 ut
464 1408 548 1447 pax
576 1394 686 1433 inter
717 1407 795 1433 nos
836 1405 879 1434 et
918 1394 1056 1449 Anglo
1080 1418 1093 1426 -
1117 1395 1345 1433 Britannos
1377 1395 1483 1434 revi-

56 1451 191 1497 xerit,
222 1460 269 1489 ut
300 1451 443 1504 potius
477 1453 634 1490 mutuis
663 1451 887 1492 Oratorum
924 1451 1301 1505 disceptationibus
1334 1453 1484 1495 incerti

57 1507 331 1557 haereamus,
374 1507 527 1563 quibus
555 1510 724 1562 utrique
756 1510 918 1549 civitati
946 1509 1262 1549 conditionibus
1290 1509 1485 1548 satisfieri

59 1565 196 1619 poffit.
257 1566 474 1605 Accedunt
513 1565 724 1615 intestini,
757 1567 910 1620 quibus
937 1568 1166 1622 agitamur,
1199 1567 1259 1606 rei
1292 1567 1483 1621 publicae

60 1633 223 1671 motus,
271 1637 451 1677 quorum
491 1626 602 1673 vim,
653 1623 905 1671 molestiam,
953 1636 994 1664 et
1035 1624 1323 1664 difficultatem
1360 1626 1483 1680 pauci

58 1679 173 1733 apud
211 1691 378 1721 exteros
410 1682 486 1721 vix
524 1681 784 1737 intelligunt.
852 1681 1038 1723 Proinde
1079 1682 1169 1722 noli
1199 1682 1352 1736 quaeso
1397 1684 1483 1721 ani-

57 1752 174 1776 mum
206 1738 406 1780 iuducere
438 1740 481 1778 in
508 1738 622 1793 spem
657 1740 857 1780 editionis
888 1741 1098 1786 Eumae,
1123 1740 1286 1795 tibique
1319 1740 1483 1794 persua-

57 1795 182 1843 deas,
214 1795 325 1836 nihil
347 1811 459 1836 nunc
488 1798 627 1835 minus
660 1798 770 1851 apud
799 1797 950 1853 vulgus
990 1797 1172 1837 nostrum
1214 1797 1385 1852 publice
1415 1814 1491 1838 cu·.

56 1854 139 1892 rari
187 1851 227 1892 et
271 1853 466 1907 probari,
519 1856 644 1909 quam
699 1856 952 1896 Graecarum
998 1856 1305 1896 Latinarumve
1347 1855 1484 1895 litera-

55 1925 147 1949 rum
179 1909 324 1953 lib'ros.
383 1913 501 1952 Haec
529 1927 616 1951 non
644 1912 695 1952 ad
724 1913 1056 1960 excusationem,
1089 1913 1158 1953 [ed
1190 1913 1241 1952 ad
1266 1914 1484 1953 veritatem

56 1981 80 2007 a
111 1982 178 2007 me
219 1967 329 2008 dicta
371 1968 454 2008 effe
491 1970 620 2010 velim
662 1969 886 2011 existimes.
959 1973 1098 2026 Atque
1131 1971 1185 2010 fic
1220 1974 1286 2010 'I'u
1323 1973 1484 2025 optime

57 2023 246 2070 curabis,
284 2036 338 2064 ‘ut
374 2025 535 2073 valeas,
576 2042 797 2083 meamque
828 2028 1090 2069 voluntatem
1120 2039 1160 2068 et
1191 2043 1360 2082 operam
1395 2028 1483 2069 suc-

57 2079 214 2127 cesshs,
251 2096 334 2135 quo
366 2084 504 2131 carui,
538 2095 697 2123 eventu
729 2100 814 2124 non
851 2088 1050 2125 metiaris.

174 2138 324 2192 Scripsi
354 2140 399 2177 in
428 2139 650 2179 Academia
684 2144 838 2181 veteris
871 2143 921 2182 ad
960 2142 1159 2181 Rhenum
1192 2144 1412 2184 Traiectus
1442 2144 1480 2183 d.

57 2194 153 2236 XV.
188 2195 289 2235 Iulii
318 2197 692 2237 cloioccnxxxrn.

54 2373 442 2429 THEOPHILO
484 2385 865 2432 GVILIELMO
925 2389 1271 2445 1RMISCHIO
1327 2393 1479 2438 vffio

51 2473 555 2521 ILLvs‘rmserO
599 2479 821 2539 ATQVE
866 2480 1270 2528 DochsstMo
1307 2487 1364 2534 A.
1403 2486 1477 2529 M.

303 2573 306 2576 ·
457 2568 760 2614 ΖΑΝΕΤΤΙ
795 2565 1084 2635 εὖπράττειν.

92 2732 102 2741 .
167 2676 375 2717 Gravibus
415 2677 616 2719 distentus
657 2682 789 2731 curis,
830 2683 909 2723 Vir
943 2685 1138 2739 egregie,
1174 2684 1476 2725 humanissimis

46 2732 224 2774 Litteris
262 2736 369 2777 Tuis
408 2737 556 2785 citius,
596 2748 644 2779 ut
670 2754 746 2793 par
777 2751 890 2793 erat,
914 2741 1177 2797 ¹respondere
1219 2758 1306 2783 non
1337 2745 1472 2799 potui.
