1707 3029
473 110 795 158 LIBER
880 110 997 155 IV.

13 230 145 277 itatis,
174 227 483 276 moderatumque
503 227 538 264 se
556 238 595 264 et
615 228 736 264 lenem
759 226 797 263 in
810 224 1275 275 congreffibuspraestaret.
1321 224 1450 262 Studia
1471 229 1492 265 ς

41 293 156 330 porro
178 279 352 316 trastabat
371 277 636 314 honestiffima:
663 275 805 324 quippe
824 288 863 313 et
881 274 1268 324 dil'ciplinarumlaude
1286 274 1452 312 celebres

41 329 138 366 circa
159 328 196 365 se
214 328 435 376 frequentes
453 326 623 368 habebat,
651 336 690 362 et
710 326 747 361 in
772 325 942 372 palaestra
962 338 1002 361 ac
1020 324 1172 372 reliquis
1193 323 1365 372 ingenuis
1385 336 1448 361 ex.

39 376 326 416 ercitationibus
349 375 568 414 versabatur.
630 374 799 411 Placidus
827 385 1014 422 praeterea
1035 374 1073 410 in
1094 385 1224 410 omnes
1246 385 1357 421 atque
1375 372 1444 408 hu·
1464 372 1486 405 6

39 439 196 468 manuS,
225 425 320 463 fama
342 436 380 463 et
400 424 515 475 gloria
535 423 690 472 quadam
714 424 855 470 optima
880 424 1062 470 plurimos
1089 423 1132 458 ad
1152 421 1353 458 amicitiam
1382 421 1445 457 be·

41 476 377 522 neuolentiamque
398 473 597 510 alliciebat.
633 474 772 510 Contra
792 484 878 510 vero
896 473 1116 510 Antoninus
1135 472 1264 508 cunda
1283 469 1444 517 asperius
1462 481 1486 515 7

38 523 282 572 ferociusque
302 525 452 580 gerebat
469 538 475 557 :
497 535 608 570 atque
627 523 670 558 ab
691 522 737 559 iis
757 524 866 559 rebus
892 523 921 569 l)
943 534 1031 574 quas
1049 521 1154 567 supra
1173 519 1335 558 diximus
1355 520 1445 554 alie-

38 586 137 616 nus,
172 574 342 610 militaris
361 571 459 608 vitae
481 584 522 608 ac
541 571 695 608 bellicae
713 571 831 608 videri
849 584 986 608 amator
1005 569 1206 611 affectabat.
1261 569 1443 616 Nihilque
1462 574 1484 612 3

35 635 119 660 non
138 621 312 660 iracunde
330 620 494 664 faciens,
529 621 740 658 minitando
760 633 868 668 quam
888 620 1100 662 suadendo,
1134 624 1183 666 m)
1205 630 1310 655 metu
1331 630 1442 665 quam

34 671 303 709 beneuolentia
325 670 388 708 fibi
409 669 591 707 amicitias
609 670 819 716 quaerebat.
872 669 946 706 Sed
967 682 1082 717 quum
1103 669 1167 706 diu
1186 668 1314 705 frustra
1328 679 1441 704 mater
1460 679 1484 713 9

36 720 292 759 discordantes
310 720 411 756 inter
431 719 466 755 se
484 731 680 768 germanos
700 720 738 755 in
761 720 915 756 omnibus
928 718 1005 768 [uis
1013 719 1157 766 fallis,
1183 728 1218 754 et
1235 718 1372 767 quidem
1395 717 1442 752 le·

38 766 188 816 veffimis
207 770 317 805 etiam
328 769 366 804 in
376 769 491 810 rebus,
512 769 680 817 redigere
693 769 732 805 in
743 770 894 818 gratiam
913 768 1085 807 studeret,
1110 766 1228 804 visum
1241 766 1441 814 aliquando
1464 779 1510 805 ιο

35 818 217 856 ambobus
235 818 283 854 est
301 817 499 865 imperium
516 818 614 856 inter
634 818 667 854 se
688 818 872 860 diuidere,
903 830 952 856 ne
971 818 1107 854 Romae
1126 817 1323 866 agitanteS,
1352 817 1443 852 alter

34 868 184 905 alterius
203 866 318 904 essent
336 865 476 904 inlidiis
497 867 716 915 opportuni.
766 869 892 910 Quare
919 865 1135 904 conuocatis
1163 865 1326 914 paternis
1354 863 1439 901 ami·
1465 877 1506 902 ιι

34 917 112 955 cis,
130 929 254 953 coram
275 916 348 964 ipsa
368 929 485 954 matre
511 918 550 964 n)
564 917 609 953 de
633 917 793 964 imperio
816 917 1022 954 diuidendo
1042 915 1311 964 disceptabant,
1337 914 1384 951 fic
1404 924 1444 950 vt

35 967 185 1014 Europa
203 967 329 1004 omnis
347 966 549 1002 Antonino
562 991 573 1008 ,
610 967 721 1003 tellus
740 979 866 1010 autern
888 965 1033 1006 aduersa
1047 991 1056 1004 ‚
1101 976 1197 1013 quae
1215 962 1338 1003 omnis
1360 962 1444 1001 Asta

34 1026 276 1062 nuncupatur
291 1038 303 1055 ,
340 1016 460 1052 Getae
480 1014 763 1051 adiudicaretur.
825 1016 877 1052 lta
896 1015 996 1051 enim
1013 1016 1120 1057 etiam
1142 1013 1267 1053 diuina
1287 1013 1443 1060 quadam
1467 1019 1509 1046 η

33 1062 274 1113 prouidentia
294 1073 489 1111 vtramque
518 1063 779 1105 continentem
811 1064 1061 1111 Propontidos
1090 1063 1237 1099 incursu
1266 1061 1444 1099 distet—mi·

34 1113 129 1155 nari.
180 1112 352 1153 Placebat
371 1124 514 1155 autem,
541 1125 581 1153 vt
599 1113 820 1151 Antoninus
840 1113 947 1150 castra
973 1115 1015 1150 ad
1037 1112 1260 1160 Byzantium
1279 1113 1443 1152 haberet,
1466 1117 1506 1154 ¹3

37 1163 136 1198 Geta
156 1174 244 1199 vero
267 1162 304 1199 in
326 1162 564 1203 Chalcedone
582 1162 782 1210 Bithyniae
801 1163 909 1199 vrbe:
945 1164 978 1207 o)
1003 1174 1095 1208 quae
1115 1161 1259 1202 scilicet
1276 1159 1445 1208 opposita

36 1212 140 1248 inter
161 1211 210 1253 se,
234 1211 430 1258 utriusque
450 1210 647 1257 imperium
667 1221 877 1252 tuerentur,
895 1221 1007 1257 atque
1024 1223 1042 1246 a
1055 1209 1347 1249 transmittendo
1360 1222 1444 1256 pro·

35 1260 224 1297 hiberent.
274 1261 376 1296 Tum
405 1271 447 1296 vt
475 1272 496 1296 e
514 1259 700 1296 senatorio
727 1259 860 1303 ordine
886 1271 1137 1307 quotcunque
1156 1272 1200 1295 ex
1223 1259 1367 1305 Europa
1386 1257 1443 1294 fo·
1466 1260 1509 1301 ¹4

35 1320 135 1352 rent,
161 1309 201 1344 in
222 1310 313 1345 vrbe
336 1307 408 1356 ipsa
429 1319 679 1350 remanerent,
703 1309 837 1357 reliqui
858 1309 993 1346 Getam
1014 1307 1267 1356 sequerentur.
1315 1308 1356 1357 p)
1376 1308 1443 1343 Se-
1464 1315 1508 1350 ις

35 1360 102 1396 des
123 1357 267 1404 imperii
291 1356 345 1394 sui
367 1359 464 1394 Geta
492 1357 696 1395 destinabat
712 1358 958 1395 Antiochiam
987 1357 1046 1394 vel
1069 1357 1353 1400 Alexandriam,
1379 1368 1446 1392 vr-

33 1407 100 1444 bes
118 1405 377 1454 magnitudine
395 1407 493 1442 haud
513 1408 627 1443 lonae
651 1408 709 1452 (vt
729 1408 867 1457 quidem
887 1406 1130 1456 exssimabat)
1158 1405 1256 1442 infra
1278 1408 1446 1444 Romam.

33 1455 138 1497 Tum
155 1468 201 1497 ex
219 1457 392 1510 gentibus
414 1456 461 1498 ad
479 1436 681 1499 meridiem?
695 1455 920 1500 habentibus
941 1458 1093 1499 Mauros
1124 1456 1383 1511 Numidasque
1410 1463 1446 1499 ee

34 1605 212 1644 dentibus
233 1604 443 1654 praestaret.
493 1604 721 1654 Qinetiam

34 1655 80 1694 ad
105 1669 164 1693 res
190 1655 427 1694 honestiores
453 1656 615 1695 animum
650 1668 713 1704 ap-

32 1705 220 1754 pellebat;
247 1717 365 1753 quum
381 1717 419 1742 et
429 1705 618 1741 dostrinae
629 1705 714 1743 lau-i

36 1755 84 1792 de
103 1754 268 1790 celebres
279 1754 510 1794 admitteret,
532 1766 570 1790 et
590 1754 711 1801 palae-

33 1803 125 1840 strae
146 1814 187 1839 ac
205 1803 359 1841 caeteris
378 1801 716 1843 exercitationibus

31 1852 232 1902 ingenuis,
258 1852 283 1890 i,
304 1864 336 1888 e.
361 1853 516 1889 homine
544 1852 711 1901 ingenuo

34 1900 173 1950 dignis,
199 1913 350 1950 operam
373 1901 487 1941 daret.
536 1901 712 1941 Placidus

32 1962 223 1999 praeterea
245 1961 286 1988 et
309 1950 494 1992 humanus
519 1962 604 2000 erga
631 1963 712 1993 eos,

32 2012 120 2037 curn
146 2000 283 2048 quibus
311 1999 624 2037 consuetudinem
647 2001 713 2041 ha,-

32 2050 157 2090 bebat,
183 2048 279 2084 fama
297 2059 336 2085 et
355 2048 498 2096 optima
517 2050 564 2085 de
584 2050 620 2085 se
630 2047 713 2097 opi.-

32 2097 154 2134 niune
183 2098 332 2144 plures,
364 2109 473 2144 quam
503 2097 635 2138 frater,
669 2097 714 2135 ad

30 2146 339 2185 benevolentiam
359 2145 557 2185 amicitiam
572 2158 646 2193 que
666 2145 714 2181 al-

29 2195 193 2236 liciebat.
218 2196 329 2234 Potes
349 2206 470 2232 autem
493 2194 712 2235 ima-stov&

33 2244 113 2291 ‘'xe·
143 2255 286 2281 vertere
314 2244 425 2281 etiam
456 2245 507 2280 ad
525 2257 583 2280 res
600 2245 715 2292 magis

25 2293 147 2347 strias
164 2295 319 2330 animum
339 2294 535 2342 appellabat
551 2316 563 2334 ,
590 2294 650 2329 vel
667 2293 713 2329 ad

33 2355 92 2381 res
113 2342 262 2381 maioris
280 2342 477 2380 momenti.
527 2342 643 2392 Steph.

80 2424 110 2471 l)
140 2435 206 2462 aut
232 2422 469 2472 fimplicster,
501 2435 590 2473 quas
615 2425 713 2466 dixi*-

35 2485 134 2515 mus,
169 2482 362 2523 auta'quas
391 2473 504 2510 modo
540 2473 709 2510 diximus.

35 2523 223 2572 ln‘telligit
250 2523 352 2563 enim
386 2523 433 2560 de
462 2523 532 2564 iis,
557 2535 711 2572 quarum

35 2573 183 2621 mentio
195 2572 362 2620 proxime
371 2572 570 2620 praecedit.
592 2574 710 2624 Steph.

86 2653 135 2697 m)
162 2653 242 2689 For.
272 2651 409 2700 scriplit
438 2652 517 2690 Pon
544 2662 580 2689 et
607 2664 712 2690 metu

34 2702 165 2750 potius,
190 2714 302 2752 quam
323 2705 465 2748 benev„
497 2704 557 2741 vel
576 2703 714 2753 absque

763 1605 949 1655 particula
963 1616 1010 1643 et,
1070 1604 1231 1644 Fortasse
1251 1602 1362 1641 etiarn
1386 1616 1444 1641 re-

763 1654 935 1702 linquere
976 1656 1099 1693 voluit
1152 1652 1443 1692 subaudiendam

762 1717 894 1742 vocem
922 1706 1051 1754 potius.
1099 1705 1219 1754 Stepb.
1259 1702 1443 1751 quemad-

761 1754 919 1798 modum
951 1755 1065 1792 etiam
1084 1755 1180 1803 apud
1196 1755 1321 1790 Amm.
1343 1753 1444 1789 Mar-

761 1803 843 1841 cell.
875 1803 1056 1852 particula
1081 1805 1199 1852 magis
1222 1801 1331 1850 saepe
1356 1801 1445 1838 sub-

760 1853 943 1893 audienda
962 1852 1215 1901 relInquitur„
1243 1862 1287 1888 vt
1315 1852 1444 1896 μᾶλλην

762 1903 859 1950 apud
904 1903 1092 1947 Graecos..
1147 1897 1246 1940 Infra
1287 1911 1444 1947 quoque

761 1953 866 1988 hunc
888 1952 1143 1992 Graecismum
1163 1951 1300 1988 iterum
1321 1949 1446 1987 imita·

761 2012 821 2039 tus
848 2001 898 2039 est
918 2001 1136 2039 politianus.
1188 2000 1284 2048 Sylb.

810 2062 852 2111 n)
876 2063 1074 2112 imperium
1102 2064 1172 2100 effe
1194 2062 1444 2101 dividendum

762 2113 987 2150 censebant:
1024 2113 1070 2149 fic
1092 2123 1135 2149 ut
1151 2113 1370 2150 Antoninus
1398 2126 1442 2150 ea

763 2163 916 2211 quidem
954 2162 1101 2204 omnia,
1143 2174 1240 2211 quae
1271 2164 1443 2210 Europae

764 2211 981 2261 subiacent,
1007 2211 1186 2253 haberet,
1209 2211 1356 2248 adversa
1376 2223 1442 2248 au·

764 2272 838 2297 tem
862 2260 1077 2301 continens,
1105 2272 1198 2308 quae
1219 2260 1300 2297 Afia
1318 2258 1442 2297 nomi-

763 2320 894 2352 natur,
931 2320 1010 2346 tota
1055 2309 1173 2346 Getae
1217 2312 1441 2348 traderetur.

761 2359 813 2396 ira
841 2377 881 2386 -
903 2359 1018 2408 Steph.

807 2425 842 2472 o)
868 2424 946 2460 1²01.
968 2435 1060 2472 puto
1083 2422 1342 2474 scripfiffeqw.
1371 2422 1396 2462 i.
1407 2437 1441 2463 e.

760 2485 813 2512 ut.
834 2473 953 2522 Stepb.

800 2541 843 2588 p)
871 2541 997 2587 Atque
1015 2539 1057 2576 ad
1078 2537 1131 2595 sui
1146 2538 1296 2586 imperii
1314 2538 1439 2576 sedem

760 2586 1048 2687 fflffcergtppq'll'e
1079 2591 1224 2632 dicebat
1245 2588 1343 2627 Geta
1377 2587 1440 2626 vel
