1707 3029
232 142 259 185 3
268 130 328 184 36
656 110 1194 180 COMMENTARIVS

224 252 363 290 Vertit
392 253 488 292 Lat.
518 253 705 309 Angelus
727 253 970 297 Politianus.
998 255 1213 297 v.-Kraufii
1235 270 1340 299 noua
1361 256 1486 296 litter.
1513 270 1636 311 1719.
1695 287 1697 290 ι

221 363 439 406 Habemus
460 369 585 407 etiam
606 368 972 422 interpretationes
993 369 1280 418 Germanicas,
1322 384 1496 424 quarum

335 425 518 467 Hieron.
538 425 694 465 Boneri
715 425 870 480 prodiit
892 427 998 479 Aug.
1019 426 1070 464 V.
1098 437 1215 480 1530.
1243 428 1436 468 Francof.
1462 427 1580 482 1565.
1593 433 1635 477 8.

335 481 488 521 Hamb.
513 486 632 523 1660.
658 488 697 531 8.

335 539 369 577 Ι.
394 539 449 579 Η.
467 538 609 592 Zopfii
634 538 893 578 inscribitur:
935 536 1169 578 Herodiaui
1201 538 1427 582 Romische,
1451 540 1633 580 Historie

335 594 472 633 seiner
503 595 598 634 Zeit
628 611 721 634 zum
752 595 988 635 erstenmale
1021 611 1093 634 aus
1124 596 1217 635 dem
1239 596 1536 636 Griechischen
1567 598 1633 636 ins

333 652 553 691 Deutsche
585 652 794 692 iibersetzt
821 655 896 692 mit
920 655 1035 692 einer
1055 653 1240 698 Vorrede
1275 668 1370 692 vom
1392 654 1632 693 Manantes.

334 707 470 748 Halae
494 722 615 760 1719.
641 719 676 754 8.
701 711 754 751 cf.
776 712 914 751 Verm.
942 710 1050 752 Bibl.
1080 710 1142 753 16·
1157 712 1214 752 St.
1238 723 1277 764 3.
1296 710 1350 754 N.
1372 711 1630 763 Crit.Beytr.

335 765 381 808 P.
407 781 468 805 10.
504 782 543 820 p.
567 778 662 817 217.
685 766 773 821 sqq.
928 769 931 770 ⁷

335 822 549 877 Optimam
572 824 622 866 G.
643 825 692 862 A.
711 823 980 878 Detharding
1001 823 1215 871 instruxit,
1247 839 1341 864 cum
1366 825 1494 877 praef.
1520 823 1633 864 Lud.
1667 816 1669 818 Ι
1692 823 1695 826 ’

332 878 385 918 ab
404 880 611 936 Hollberg
630 883 688 923 L.-
709 880 758 924 Β.
782 881 980 920 baroniae
1003 881 1312 936 Hollbergenlis
1343 882 1473 919 Hafn.
1502 890 1632 930 1747.

332 945 373 984 ss.
433 936 706 992 Hollbergius
728 938 817 992 ipse
836 939 1044 978 Dauicam
1072 946 1193 977 antea
1224 938 1405 978 dederat.
1448 937 1562 977 Schr.
1593 936 1643 980 d:

333 993 444 1036 Altd.
469 995 528 1033 D.
554 995 649 1034 Ges.
673 1011 713 1050 p.
742 1008 831 1051 131.
854 995 915 1050 sq.

219 1049 378 1092 Gallice
409 1061 625 1091 verterunt
1191 1102 1194 1105 Ι

388 1109 451 1148 Io.
472 1108 665 1150 Colinius
687 1107 828 1165 Lugd.
853 1121 971 1165 1541.
995 1116 1117 1165 1546.
1139 1116 1178 1161 8·

388 1167 472 1205 Iac.
499 1167 796 1209 Contefiusib.
828 1180 947 1222 1554.
969 1169 1000 1210 f.
1030 1162 1158 1208 Paris.
1184 1163 1303 1222 1580.
1351 1189 1353 1192 ·

385 1223 721 1278 Boisguilbertus
743 1225 798 1264 ib.
824 1227 943 1280 1675.
972 1224 1048 1269 12·'

388 1277 667 1335 Mongaultus
697 1281 750 1320 ib.
779 1297 899 1332 1700.
921 1293 960 1330 3.
1001 1294 1120 1333 1712.
1148 1294 1210 1325 12·

216 1337 386 1390 Belgice
407 1338 560 1377 Petrus
583 1338 727 1377 Rabus
750 1340 952 1379 Roterod.
981 1343 1102 1392 1683.
1126 1345 1164 1389 8,

212 1394 359 1434 Italic-e
381 1408 467 1432 non
491 1395 729 1433 nominatus
750 1397 898 1435 Venet.
929 1410 1046 1446 1529.
1076 1405 1112 1440 8.

212 1451 396 1504 Anglico
418 1452 599 1489 carmine
628 1452 685 1491 C.
708 1453 755 1491 B.
779 1452 1047 1506 Stapletonus
1068 1451 1206 1494 Lond.
1231 1452 1349 1507 1652.
1369 1460 1408 1507 4.

210 1529 473 1570 Illustrarunt
503 1531 613 1571 Dan.
645 1531 823 1578 Parem,
870 1531 1024 1570 Paulus
1055 1532 1255 1578 vorstius,
1299 1530 1523 1570 Boeclerus
1551 1533 1629 1576 cet,

212 1586 425 1640 Quantam
448 1586 675 1626 vtilitatem
695 1587 764 1626 hic
787 1587 961 1641 scriptor
983 1588 1164 1633 adferat,
1198 1588 1321 1627 multi
1347 1587 1628 1642 significarunt

211 1657 259 1683 ac
280 1644 361 1682 iam
383 1643 561 1682 Photius
582 1643 632 1683 de
653 1658 702 1683 eo
724 1644 951 1693 iudicauit,
992 1645 1104 1699 quod
1136 1645 1361 1689 dictionem
1384 1659 1481 1698 prae
1501 1644 1543 1683 se
1567 1646 1627 1683 fe·

209 1711 274 1739 rat
292 1700 469 1748 claram,
505 1699 791 1754 perspicuam,
828 1701 1076 1747 iucundam,
1113 1702 1225 1756 quod
1255 1701 1468 1743 vocabulis
1490 1712 1626 1740 vtatur

208 1758 474 1811 temperatis,
513 1771 651 1811 neque
682 1757 803 1812 supra
834 1760 1003 1798 modum
1034 1759 1204 1806 Atticis,
1278 1757 1363 1798 uod
1395 1772 1532 1812 neque
1561 1757 1624 1796 su-

206 1810 481 1868 peruacaneis
521 1825 702 1862 tumeat,
756 1829 894 1869 neque
934 1815 1205 1855 necessarium
1241 1830 1260 1854 a
1283 1815 1402 1869 iquid
1446 1815 1623 1863 omittat,

209 1871 322 1924 quod
351 1886 457 1925 que,
498 1871 670 1925 singulis
701 1871 894 1912 historiae
926 1873 1172 1920 virtutibus,
1214 1874 1359 1926 paucis
1399 1872 1528 1911 cedat.
1579 1885 1642 1915 v..

206 1927 521 1968 Schurzfleisch.
545 1945 635 1983 epp.
658 1945 743 1967 arc.
775 1932 823 1969 T.
848 1942 881 1970 Ι.
906 1944 971 1983 ep.
997 1932 1093 1981 196.
1125 1946 1165 1985 p.
1184 1935 1323 1980 314.“

320 2009 387 2046 Ex
409 2006 586 2046 Harlesii
607 2008 655 2047 V.
680 2007 743 2047 Cl.
757 2018 798 2047 et
817 2010 875 2051 D.
898 2020 1034 2048 autem
1057 2009 1288 2051 Introduct.
1314 2008 1357 2048 in
1375 2008 1534 2062 Lin‘gu.
1549 2008 1619 2048 Gr.

202 2064 433 2119 exfignarat
453 2064 552 2103 olim
572 2064 678 2102 mihi
699 2064 837 2104 nescio
862 2067 954 2120 quis
976 2067 1043 2109 sic.
1083 2066 1391 2115 „Herodianus
1420 2064 1560 2113 floruit
1581 2075 1619 2108 a,

203 2121 284 2164 Ch,
310 2128 404 2170 238,
419 2151 430 2169 ,
459 2121 647 2160 diuersus
671 2136 771 2161 vero
793 2122 849 2161 est
872 2123 922 2161 ab
942 2123 1203 2171 Herodiano,
1233 2122 1410 2175 Dyscoli
1433 2121 1536 2170 filio,
1557 2119 1619 2160 de

200 2192 284 2232 quo
303 2178 439 2233 supra.
500 2177 650 2218 Noster
671 2179 713 2217 in
737 2178 916 2232 publicis
938 2178 1085 2220 officiis
1104 2180 1147 2220 se
1171 2180 1374 2221 versatum
1397 2177 1476 2217 effe
1490 2174 1509 2224 ,⁵
1526 2176 1613 2230 ipse

202 2234 370 2274 testatur
390 2235 416 2274 ].
436 2248 470 2276 1.
491 2250 525 2276 c.
551 2248 589 2276 2.
612 2234 682 2276 fin.
710 2259 766 2265 —
808 2237 894 2276 Res
916 2238 965 2288 ab
988 2237 1305 2292 imperatoribus
1326 2234 1528 2275 Romanis
1548 2248 1616 2288 ge-

201 2290 300 2341 stas,
342 2292 393 2331 ab
429 2292 547 2331 obitu
577 2293 641 2330 M.
665 2292 825 2331 Aurelii
858 2308 989 2348 vsque
1020 2295 1071 2333 ad
1091 2295 1211 2333 initia
1233 2291 1490 2348 principatus
1513 2290 1615 2329 Gor-

199 2347 314 2387 diani
335 2350 412 2390 III.
436 2351 541 2403 Aug.
563 2350 618 2386 L.
637 2349 754 2390 VIII.
779 2350 985 2404 exposuit.
1037 2374 1094 2382 -—
1137 2351 1312 2404 Saepius
1334 2347 1435 2386 editi
1456 2347 1551 2386 sunt
1567 2346 1614 2386 li-

200 2403 263 2442 bri
286 2405 370 2444 illi:
394 2447 398 2451 ,
425 2419 501 2444 nos
538 2419 635 2444 vero
664 2406 874 2458 potiores,
924 2422 1030 2461 quae
1061 2421 1214 2448 manus,
1234 2405 1450 2444 doctorum
1482 2404 1614 2444 homi·

200 2467 300 2499 n'um
325 2462 506 2501 medicas
526 2473 724 2515 expertae
744 2462 840 2502 sunt
855 2494 865 2511 ‚
896 2464 1101 2503 editiones
1125 2461 1441 2514 recensebimus,

218 2519 222 2525 ⁸
242 2520 257 2539 ⁸
309 2531 510 2582 Princeps
532 2529 588 2570 est
608 2528 784 2579 Aldina,
818 2546 909 2570 cum
931 2530 1229 2584 Xenophontis
1252 2529 1432 2578 Omiffis,
1459 2529 1610 2569 Vener.

221 2582 231 2591 ”
318 2599 330 2627 1
369 2601 438 2635 03,
463 2586 534 2627 fol.

307 2598 490 2698 quuuta
512 2641 566 2680 est
586 2643 826 2684 Florentina
848 2642 958 2698 apud
990 2643 1096 2683 Phil.
1114 2644 1278 2683 Iuntam
1306 2654 1425 2699 1517.
1444 2650 1483 2693 8.
1513 2658 1606 2682 cum

306 2699 601 2756 elegantiffima
619 2729 630 2748 ,
679 2710 719 2739 at
748 2696 833 2742 non
866 2701 1005 2743 vbiuis
1035 2700 1117 2753 fida
1144 2702 1491 2758 interpretatione
1521 2702 1605 2742 'An-
