1707 3029
194 136 298 181 DE-
318 136 740 180 EDITIONIBVS
778 134 1166 180 HERODIANI.
1287 141 1382 189 [203

83 259 269 312 pro'oem.
310 258 450 308 (vnde
484 257 606 321 saepe
637 258 677 295 in
703 272 828 310 opere
849 256 952 296 alios
981 258 1015 308 §.
1037 260 1072 305 §-
1097 267 1289 292 numeros
1313 268 1380 307 ap-

82 314 350 369 posuimus,)
383 330 473 354 cum
499 314 888 368 typisminoribus‚
918 313 1088 358 nitidis,
1121 310 1306 359 amibus,
1340 321 1381 349 et

83 372 344 425 compendiis
363 373 506 426 paucis
519 402 529 420 ‚

141 433 189 480 2)
222 429 386 469 ‹lucitm
408 429 576 484 quidem
600 442 651 466 ex
674 428 772 473 edit
795 427 960 482 Steph.,
989 441 1074 466 non
1096 435 1235 465 tamen
1258 425 1377 464 simul

75 484 280 540 susceptis
303 489 391 526 eius
413 486 662 526 coniectuiis
686 486 902 530 omnibus
930 457 1000 523 s’ed
1026 483 1270 539 quibusdam
1292 497 1377 522 mo·

81 541 158 591 do,
185 543 304 583 velut
324 544 375 583 ad
400 558 438 594 7,
461 551 502 593 8,
527 552 563 588 8.
585 558 620 582 e.
653 561 765 581 αυτες
786 558 825 596 p.
850 541 986 589 αὖτης,

141 604 184 650 3)
214 615 291 640 nec
311 616 384 656 pei
406 600 687 640 distinctiones
718 599 906 639 eiusdem
937 612 1102 645 omnes,
1153 597 1225 638 fed
1258 597 1374 642 alias

79 655 132 696 de
163 658 314 711 quibus
342 659 386 697 in
417 673 542 712 opere
573 658 740 712 passim,
785 659 840 697 cf.
858 665 911 705 8,
945 669 986 712 4,
1017 671 1054 706 9.
1086 669 1122 694 e.
1169 655 1218 694 de
1239 655 1329 694 colo
1352 669 1384 698 e,

20 772 23 774 v
80 713 195 767 Sylb.
223 714 289 754 vel
311 716 453 771 Lugd

137 776 186 822 4)
218 773 391 812 retentis
425 775 476 812 ci.
499 773 614 812 vitiis
634 773 677 811 in
695 772 834 812 veihis
853 769 1050 825 singulis,
1092 768 1243 809 additis
1272 769 1372 808 item

79 827 200 874 aliis,
242 829 292 868 de
328 826 480 884 quibus
517 832 642 869 etiam
671 844 745 883 per
768 843 894 883 opus,
941 827 1026 868 sed
1034 827 1282 866 nominatim
1301 840 1376 881 per

78 885 220 924 omiffa
244 886 361 940 plura
385 888 434 926 ad
455 902 494 938 7,
519 898 560 935 5,
585 901 620 929 Ι.
644 902 683 941 p.
705 889 800 937 665.

134 947 184 993 5)
216 943 375 983 habens
408 944 610 984 lectiones
645 944 874 998 peculiares
907 955 944 992 1,
967 958 1005 994 9,
1029 953 1064 982 1.
1095 956 1136 995 p.
1165 954 1261 990 331.
1318 940 1375 972 -'·-

76 1001 203 1039 etiam
222 1001 393 1040 vitiosas
419 1016 456 1049 1,
481 1014 547 1051 12,
569 1014 633 1052 14.
654 1016 695 1055 p·
722 1014 813 1052 513.
849 1013 886 1050 1,
910 1003 1119 1053 13311.P·
1145 1000 1241 1054 556.
1286 1023 1288 1026 >

0 1083 86 1130 594.
110 1084 149 1129 8.
181 1080 395 1127 Boecleri,
428 1079 526 1119 olim
549 1080 738 1134 poffeffio
759 1081 800 1118 b.
822 1079 1049 1145 Leisneri4
1081 1080 1199 1118 cuius
1220 1078 1373 1133 signata

131 1148 218 1179 tum
251 1138 301 1175 in
319 1137 431 1176 chart
437 1154 455 1176 a
482 1153 583 1191 pina
606 1137 655 1176 ad
687 1137 863 1186 calcem,
919 1147 1006 1175 tum
1039 1136 1082 1174 in
1118 1135 1373 1190 marginibus

129 1209 205 1248 per
223 1195 317 1234 edit.
330 1223 342 1242 ,
376 1195 482 1233 dedi·
477 1211 564 1233 inus
587 1196 666 1232 iam
691 1196 733 1232 in
760 1207 907 1248 opere,
936 1192 1039 1231 locis
1065 1207 1254 1247 quaeque
1277 1192 1373 1230 suis.

128 1253 272 1298 Haec,
324 1266 466 1290 carens
498 1251 638 1292 tabula
666 1251 736 1290 illa
765 1265 893 1289 aenea
922 1250 1073 1303 prioris
1105 1249 1169 1290 ed.
1182 1278 1193 1296 ,
1244 1259 1284 1289 et
1314 1249 1375 1288 in·

127 1308 278 1363 scripta

73 1395 101 1413 ,‚
115 1367 302 1418 Ηρωδὶοινε
320 1382 455 1418 ιςόριων
474 1373 611 1413 [saffica
635 1385 668 1411 η
700 1389 754 1396 -—-
784 1363 1020 1403 Herodiani
1040 1362 1313 1403 Historiamm
1344 1361 1371 1400 l.

72 1424 189 1464 VIII.
243 1445 300 1453 --
353 1438 444 1461 cum
474 1424 602 1465 Notis
634 1434 675 1462 et
705 1412 1135 1462 ‘animaduersionibus
1154 1422 1218 1463 Io.
1239 1421 1370 1460 Henr.

67 1479 274 1524 Boecleri.

238 1548 255 1557 ³
513 1538 655 1579 Tertia
678 1537 836 1577 Editio.

69 1594 243 1647 Accessit
261 1594 396 1635 Index
419 1596 601 1634 Graeems
620 1593 966 1648 locupletissimus
998 1597 1135 1644 (caet.
1164 1602 1212 1632 vt
1239 1591 1282 1629 in
1307 1590 1373 1630 ed.
1398 1600 1405 1615 ³·

69 1654 252 1713 pr.)—
277 1653 566 1707 Argentoiati,
593 1652 793 1704 Luponfis
817 1662 858 1690 et
883 1651 995 1705 typis
1017 1651 1147 1691 Iofiae
1171 1648 1372 1689 Staedelii

340 1779 346 1781 ‚
511 1738 595 1773 cm
613 1726 895 1769 Io-cxc1v.“·

71 1799 198 1842 habet
228 1814 352 1853 porro
381 1799 542 1852 reliqua
572 1800 722 1853 prioris
747 1799 809 1838 ed.
834 1799 1086 1847 omniailla,
1127 1797 1371 1838 Dedicatio-

70 1871 165 1895 nem
189 1856 356 1910 quidem
380 1867 421 1894 et
437 1858 621 1895 Praefati
611 1871 773 1904 onem,
802 1857 946 1895 Photii
972 1857 1046 1900 G1
1069 1867 1109 1896 et
1129 1858 1228 1897 Lat.
1242 1883 1253 1900 ‚
1282 1865 1372 1893 tum

71 1911 297 1967 Epistolam
326 1912 475 1959 Fab1i,
522 1929 613 1951 cum
653 1913 746 1952 loco
786 1914 993 1960 Luciani,
1039 1913 1191 1952 deinde
1231 1911 1372 1950 omnia

71 1981 242 2012 extenua
266 1980 405 2008 textus
429 1970 644 2023 Vtriusque
665 1984 685 2007 a
708 1984 800 2023 pag.
829 1983 840 2009 1
864 1992 918 2000 --
947 1974 1040 2017 362.
1066 1969 1268 2017 eandem,
1297 1966 1370 2005 sed

70 2037 157 2065 tum
191 2026 313 2065 aliam
346 2026 674 2080 typographicae
707 2025 804 2064 aitis
834 2025 1005 2079 figuram
1036 2026 1243 2079 ligneam,
1281 2022 1370 2077 post

70 2098 170 2123 vcro
204 2083 342 2122 rursus
377 2082 540 2132 onmia,
589 2098 664 2136 per
693 2097 887 2122 numeros
921 2082 1088 2122 eosdem
1107 2083 1369 2136 paoinarunh

71 2141 195 2181 etiam
219 2155 292 2194 per
308 2139 495 2179 Iudicem
513 2169 523 2188 ,
559 2140 676 2178 euius
701 2138 823 2178 modo
844 2138 1015 2178 vltimae
1037 2154 1131 2193 pag.
1153 2152 1368 2191 numerus,

70 2212 145 2251 pro
183 2212 307 2248 542„
332 2196 582 2250 deprauatus
609 2197 654 2235 in
690 2209 780 2251 524.
872 2196 1047 2235 Caetera
1076 2197 1214 2236 omnia
1237 2197 1368 2249 paria,

69 2265 233 2308 practer
257 2269 410 2293 annum
434 2253 510 2291 [ub
532 2254 680 2308 insigni
701 2252 966 2292 Staedeliano
996 2253 1371 2302 „MDC-XCIV.“

129 2312 233 2361 Sed,
274 2311 441 2365 cognita
474 2310 630 2364 quippe
663 2309 768 2349 mihi
796 2320 1000 2364 perpetuo
1034 2310 1110 2352 vsu
1137 2324 1212 2365 per
1245 2323 1369 2364 opus,

71 2367 270 2415 ostendit,
313 2379 479 2422 praeter
515 2379 684 2407 caetera
715 2377 856 2406 textus
892 2368 964 2408 Gr.
999 2367 1237 2407 communia
1277 2382 1370 2406 cum

70 2427 200 2491 priori
231 2424 295 2464 cd.
308 2457 318 2474 ,
383 2430 425 2474 Ι)
464 2424 667 2466 elementa
693 2424 923 2472 obtufiora,
965 2439 1171 2483 papyrum
1195 2435 1278 2480 que
1299 2423 1368 2464 de·

69 2484 263 2523 tei-iorem
287 2497 332 2521 ac
356 2482 630 2547 debiliorem,
1106 2500 1125 2510 ι

131 2544 173 2589 2)
205 2538 349 2579 eadem
381 2555 472 2578 cum
503 2540 634 2594 priori
663 2539 788 2586 vitia,
835 2549 877 2586 5,
898 2553 939 2591 4,
968 2552 1030 2590 19.
1053 2540 1081 2577 i.
1127 2550 1167 2592 4,
1190 2553 1225 2590 5,
1251 2549 1314 2580 11.
1338 2538 1366 2576 i.

73 2609 113 2651 7,
141 2609 200 2639 12.
221 2605 260 2643 8.
283 2611 323 2650 p.
350 2605 443 2651 877.
465 2611 499 2637 e.
539 2597 660 2635 etiam
687 2611 760 2650 per
783 2596 949 2642 omiffa‚
991 2596 1062 2638 sed
1083 2611 1192 2636 noua
1216 2595 1366 2649 pluria,

74 2651 274 2707 quaedam
304 2654 427 2693 etiam
459 2668 481 2692 e
508 2654 614 2693 Bass.
638 2655 683 2695 it
706 2669 727 2692 e
747 2653 885 2708 Lugd.
906 2664 951 2692 vt
977 2666 1018 2709 4,
1043 2659 1081 2702 8,
1105 2666 1170 2704 17
1194 2654 1220 2691 i.
1235 2684 1247 2702 ,
1296 2652 1369 2701 (et

75 2711 117 2756 in
141 2710 335 2764 piopriis,
365 2721 409 2750 vt
431 2710 501 2750 hic
522 2710 651 2750 statim
674 2721 912 2767 tangantur,
943 2710 1092 2771 plura
1083 2726 1126 2750 in
1145 2710 1239 2750 Ind.
1263 2719 1304 2749 et
1328 2709 1370 2749 in
