1707 3029
168 134 264 179 410
374 165 377 166 γ
607 104 1136 170 COMMENTARIVS
1176 152 1181 154 >

340 249 384 299 5)
417 246 564 301 quoad>
585 246 812 294 lectiones,
862 245 1031 294 'aliunde
1060 245 1226 286 sume-ns
1253 247 1428 296 iterum,
1467 261 1570 291 ffinon
1621 243 1624 255 '

267 299 440 359 semper
461 320 482 344 e
503 306 590 358 Stp.
613 305 667 342 cf.
696 320 732 350 1,
755 313 796 351 3,
820 315 858 357 5·
881 319 920 357 p,
942 308 1006 351 63.
1046 327 1104 334 —
1140 303 1213 342 [ed
1234 314 1274 342 et
1296 319 1317 343 e
1337 304 1453 357 sylb.
1475 318 1572 348 con·
1613 341 1628 346 ,Α

277 363 372 402 ieet.
397 377 488 401 cum
511 363 600 403 Par,
629 371 670 408 5,
691 370 732 408 8,
756 377 792 413 9.
820 375 862 418 p.
888 370 999 408 2512·
1032 383 1089 391 —-
1134 362 1181 400 it.
1206 375 1228 399 e
1249 360 1339 403 Bas.
1364 376 1399 402 2.
1417 363 1471 404 L,
1493 371 1570 402 etc.
1607 362 1622 408 ᾗ

277 429 318 467 8,
340 429 374 464 8,
402 433 436 468 3.
457 433 499 473 p.
526 432 643 469 ¹105·
672 417 732 463 >ib.
756 428 793 466 8.
814 433 852 471 p.
882 430 998 470 1113.
1037 441 1095 448 —-
1132 418 1179 457 it.
1201 432 1222 456 e
1239 417 1338 457 solis
1358 418 1449 471 Par.
1474 428 1516 467 5,
1540 432 1575 467 3,

277 488 345 515 22.
371 493 409 530 p.
430 483 497 530 89.
521 499 577 507 ——
605 476 650 514 it.
672 474 885 530 ambiguas
909 474 1103 531 quidem,
1141 485 1214 514 aut
1233 489 1254 514 e
1276 474 1369 524 Bas.
1394 489 1433 520 2.
1457 477 1509 515 L.
1533 489 1572 524 3,
1629 498 1634 526 J

276 544 318 581 7,
349 550 382 573 1.
406 548 440 579 e,
471 534 518 576 it.
543 548 566 572 e
587 534 678 578 Par.
702 535 743 580 6,
773 547 810 584 5,
833 547 871 585 9.
895 548 949 571 m.
972 547 1012 585 p.
1034 541 1134 580 585.
1156 536 1228 587 p),
1268 543 1341 573 aut
1358 530 1411 572 de
1433 531 1507 572 suo
1529 545 1571 587 7,

276 602 342 635 ΙΙ,
363 592 402 630 6.
423 606 462 644 p.
488 599 581 645 852.
612 613 669 621 ·-
694 589 864 633 vitiosas
885 603 985 630 vero
1006 603 1028 630 e
1051 590 1140 630 Par.
1162 602 1203 632 2.
1225 594 1264 638 6,
1288 592 1571 644 6,J§.·p.415,
1635 625 1638 628 .

273 652 335 696 r),
376 648 430 686 cf.
456 662 492 698 7,
511 661 554 702 4,
577 661 611 700 5,
643 663 685 701 p.
707 652 801 700 654.
844 669 901 678 —-
946 649 992 689 it.
1013 661 1087 702 per
1107 646 1278 702 gioss'am
1308 661 1349 699 7,
1377 662 1440 698 10,
1459 647 1573 696 2.‘i.,
1630 658 1662 673 ’-

275 705 400 743 etiam
421 704 524 747 adeo
549 719 642 747 cum
664 705 752 744 ΜΒ.
776 706 847 749 Ba.
874 719 913 753 3,
939 717 1006 759 14,
1029 717 1091 753 12,
1111 719 1146 743 e.
1170 719 1208 757 p.
1234 710 1331 759 7⁶2¹

331 763 579 810 Caeterum,
629 773 793 816 praeter
834 761 1103 817 parentheses
1155 762 1325 817 Steph.,
1377 761 1572 802 adhibuit

272 818 388 866 alias,
420 829 465 865 vt
487 817 639 875 pffxss,
658 829 698 868 5,
714 825 753 868 6,
772 835 855 865 12„
879 829 920 858 et
939 835 1032 859 cum
1045 818 1186 862 Ald.1.
1211 820 1256 859 in
1276 819 1358 858 fine
1369 818 1571 859 librorum

270 876 434 924 versus,
462 878 505 921 in
528 877 700 932 figuram
720 876 920 931 trianguli
942 876 973 915 s.
991 876 1534 930 pyramidisconformatos.

161 944 283 989 1704.
307 942 341 979 8.
363 936 460 979 mai.
495 935 658 983 Oxon„
694 933 838 988 etipsa
859 933 1048 989 poffesfio
1066 935 1382 981 Leisnerorum,
1412 933 1482 973 sed
1503 948 1572 988 pa·

379 994 454 1036 tris
485 993 689 1037 maxime,
731 991 849 1030 cuius
882 1006 1030 1040 marrus
1056 1005 1128 1045 per
1148 1001 1278 1030 totam
1299 1005 1389 1029 eam
1411 990 1570 1044 conspi-
1636 986 1651 1030 ’ἶ

378 1065 453 1089 cua
468 1081 480 1099 ,
510 1064 597 1089 non
616 1048 806 1104 neglecta
827 1048 949 1087 nobis
968 1062 1042 1102 per
1064 1061 1186 1103 opus.
1247 1048 1368 1102 Quae
1385 1048 1571 1087 nondum

377 1106 565 1146 adhibita
589 1106 704 1153 sunt,
736 1120 782 1144 ea
803 1105 944 1160 potius
968 1104 1089 1143 fimul
1112 1103 1302 1143 dabimus
1323 1106 1513 1146 inferius.

325 1164 470 1204 Habet
494 1164 596 1209 haec
617 1163 747 1203 editio
768 1164 902 1216 primo
924 1162 1069 1202 eadem
1091 1163 1181 1201 fere
1201 1164 1244 1201 in
1265 1164 1429 1209 stonte,
1463 1177 1571 1216 quae

205 1270 207 1272 Ι
268 1220 458 1276 superior
482 1222 623 1261 Oxon.
666 1251 694 1268 „
710 1218 895 1273 wacicavg
919 1237 1054 1273 ιςοριων
1077 1227 1216 1269 βιβλιοι
1233 1218 1275 1265 η’,
1335 1220 1572 1259 Herodiani
1645 1260 1649 1263 ,

268 1278 545 1322 Historiarum
587 1278 687 1317 libri
723 1286 763 1323 8.
823 1278 1050 1333 Recogniti
1087 1288 1129 1316 et
1170 1278 1297 1317 Notis
1336 1273 1580 1320 illustratif‘*
1646 1290 1653 1303 0¹

270 1335 354 1375 Sed
377 1351 488 1375 nunc
504 1336 683 1386 Jineam,
731 1334 806 1380 sub
830 1350 876 1374 ea
902 1350 981 1388 que
1005 1336 1180 1373 formam
1208 1330 1364 1373 theatri
1395 1334 1570 1373 Sheldo÷

269 1392 390 1437 niani
420 1393 665 1442 diuersam,
695 1407 782 1431 non
804 1391 928 1430 modo
952 1392 1089 1429 minus
1112 1391 1374 1441 aedificium,
1420 1391 1495 1441 *sed
1530 1400 1572 1434 et
1610 1399 1613 1408 ⁶
1651 1402 1654 1406 '

271 1448 372 1489 alias
394 1464 458 1488 res
478 1450 525 1488 in
546 1450 735 1488 circuitu.
796 1450 918 1487 Tunc
937 1447 1078 1486 subter
1099 1447 1280 1493 tabulam
1306 1461 1476 1486 aeneam
1495 1448 1570 1485 mi-

269 1508 385 1545 noris
416 1505 577 1546 moduli
609 1506 688 1544 alia
718 1506 828 1544 linea
866 1505 990 1543 ducta
1021 1503 1217 1559 ¹segregat
1261 1504 1410 1557 'eliqua
1433 1503 1568 1550 haec,

270 1563 533 1613 ‚,Ox0niae‚
576 1565 613 1601 E
647 1563 728 1606 Th,
758 1561 909 1602 Sheld„
929 1563 1175 1605 An,'Dom.
1310 1561 1458 1605 CCIV,
1488 1562 1572 1600 Imv‘

266 1621 405 1677 penfis
427 1621 477 1666 G,
501 1619 616 1659 west
638 1631 679 1659 et
700 1622 797 1660 Ant.
821 1618 1003 1671 Peisley,
1036 1617 1265 1672 Bibliopol.
1289 1617 1428 1662 Oxou.
1439 1623 1466 1649 ἒ(

268 1681 306 1718 A
324 1689 439 1734 tergo
463 1679 579 1716 inani
599 1677 788 1731 sequitur
808 1676 1013 1716 Praefatio
1033 1675 1178 1715 eadem
1201 1674 1366 1731 prorsus
1382 1704 1394 1723 ,
1443 1674 1569 1714 etiam

270 1737 314 1774 in
343 1735 428 1774 illis
470 1765 496 1784 ,,
512 1736 620 1775 Cum
651 1737 794 1789 itaque
820 1732 1112 1772 Herodianum
1143 1732 1322 1772 secunda
1342 1738 1345 1742 ’
1363 1732 1445 1770 iain
1477 1732 1568 1771 vice

270 1794 468 1832 Oxoniae
498 1791 732 1847 impressum
766 1790 1078 1830 exhibeamus“
1126 1789 1279 1828 deinde
1316 1798 1477 1828 caetera
1504 1803 1569 1828 ea·

270 1850 389 1895 dem,
422 1851 546 1890 etiam
569 1866 607 1903 p.
635 1864 672 1898 3,
694 1849 738 1887 in
761 1847 980 1888 Breuiario
1001 1846 1199 1886 mendum
1219 1845 1323 1885 istud
1338 1844 1480 1902 semel,
1509 1860 1570 1885 re.-
1599 1877 1603 1880 .

270 1907 572 1961 spondentibus
593 1907 667 1949 fibi
690 1920 782 1945 cum
805 1905 956 1959 pagina
984 1918 1152 1958 quaque
1181 1914 1323 1943 textus
1348 1904 1417 1942 Gr.
1449 1902 1566 1943 versi-

268 1964 346 2003 bus
378 1965 562 2014 cunctis,
600 1965 721 2016 (fere
745 1961 914 2016 quidem
929 1992 940 2009 ,
973 1962 1027 2000 cf.
1050 1971 1189 2001 tamen
1209 1976 1252 2014 p,
1271 1962 1337 2011 64.
1350 1960 1443 2014 sq.)
1483 1974 1569 1998 non

269 2023 371 2061 item
411 2023 476 2061 Vs.
499 2023 595 2063 Lat.
630 2023 683 2067 cf.
714 2037 755 2074 p.
783 2032 845 2061 10.
868 2034 903 2060 e.
954 2029 1018 2059 12.
1042 2033 1104 2066 e.,
1160 2017 1232 2057 sed
1261 2018 1430 2057 mutatis
1464 2016 1567 2073 Iocis

271 2079 481 2118 interdurn
511 2089 651 2118 textus
682 2078 920 2130 Vtriusque,
969 2085 1014 2115 vt
1040 2073 1116 2115 stet
1145 2074 1198 2114 ad
1225 2073 1419 2114 finistram
1440 2075 1535 2113 Lat.
1555 2103 1566 2121 ‚

270 2137 321 2176 ad
352 2136 538 2175 dextram
573 2136 644 2176 Gr.
675 2150 712 2188 p.
752 2148 813 2175 ιο.
860 2146 924 2176 12.
970 2133 1015 2170 in
1043 2132 1121 2171 hac
1153 2146 1234 2186 que
1274 2130 1374 2171 edit.
1413 2129 1566 2170 deinde

270 2193 433 2247 semper
474 2191 611 2249 postea
633 2220 645 2238 ,
713 2206 733 2230 a
774 2202 890 2245 tergo
934 2188 1104 2245 quidem
1143 2189 1412 2243 paginarum,
1464 2197 1564 2226 ‘cum

271 2253 314 2290 in
347 2250 550 2305 superiori
582 2250 663 2288 Ox.
695 2248 794 2287 inde
823 2263 845 2287 a
864 2262 955 2302 pag.
979 2245 1062 2285 illis
1082 2246 1307 2290 nominatis
1328 2244 1403 2284 stet
1424 2244 1494 2283 Gr.
1515 2243 1566 2282 ad

269 2307 464 2347 sinistram
479 2338 488 2355 ‚
522 2309 618 2346 Lat.
641 2305 691 2344 ad
712 2305 896 2344 dextram
912 2332 923 2350 ‚
961 2303 1032 2343 [ed
1056 2303 1260 2343 contraria
1283 2316 1336 2341 ex
1359 2311 1470 2355 parte
1493 2301 1567 2339 ite-

269 2381 360 2405 rum
385 2381 422 2420 p.
442 2378 509 2421 94.
532 2386 588 2396 --
613 2376 726 2418 174„
753 2363 919 2401 mutatis
938 2360 1074 2399 rursus
1096 2359 1282 2414 partibus
1301 2372 1394 2397 cum
1415 2374 1455 2413 p.
1474 2358 1566 2408 176,

269 2446 326 2455 --
346 2425 440 2466 226.
456 2454 468 2471 ‚
512 2421 610 2460 dein
631 2419 842 2459 collocatis
864 2417 1000 2456 rursus
1022 2417 1142 2456 aliter
1162 2414 1344 2455 textibus
1363 2429 1384 2453 a
1407 2430 1444 2469 p,
1470 2425 1566 2469 230.

271 2503 326 2510 —
356 2481 477 2528 262„
517 2479 700 2531 denique
725 2486 865 2516 contra
889 2475 1038 2513 iterum
1060 2487 1151 2513 cum
1181 2487 1220 2526 p.
1245 2470 1340 2513 266.
1362 2471 1412 2511 ad
1439 2470 1564 2510 finem

272 2553 313 2591 p.
339 2546 432 2582 288.
453 2537 526 2590 qui
551 2545 591 2574 et
610 2534 695 2589 ipse.
720 2531 856 2571 similis
879 2530 934 2571 est
953 2530 1015 2569 illi
1039 2529 1263 2583 superioris
1285 2529 1366 2569 Ox.

330 2596 378 2633 In
403 2608 482 2646 qua
503 2591 798 2639 similitudine,
839 2602 944 2642 quae
974 2585 1197 2625 intercedit
1223 2584 1480 2637 hislduabus
1501 2584 1566 2625 ed.

273 2653 396 2690 etiam
418 2652 460 2688 in
483 2649 595 2696 aliis,
625 2659 763 2686 tamen
782 2643 958 2684 secunda
993 2643 1072 2692 (fic
1091 2643 1201 2682 enim
1221 2644 1263 2682 in
1285 2656 1409 2698 opere
1428 2640 1566 2696 appel·

272 2708 354 2748 lata
385 2708 465 2748 Ox.
504 2709 570 2755 2.)
637 2708 679 2758 1)
722 2701 943 2742 correctior
973 2700 1227 2756 comparuit,
1269 2698 1406 2755 quoad
1425 2712 1566 2738 accen·
