1707 3029
221 152 314 195 550
334 132 338 150 ¹
647 138 1180 186 COMMENTARIVS

496 262 612 310 „Vir
637 261 884 300 Doctisfime

331 320 530 367 „Literis
571 318 676 357 Tuis
716 317 829 372 quod
860 333 946 358 non
968 317 1100 358 statim
1118 318 1336 373 respondi,
1372 320 1539 375 ignosce
1559 335 1625 361 οοὸ

215 378 430 431 cupationi
451 391 581 423 meae,
615 389 721 428 quae
741 377 813 415 vix
834 386 997 429 tempus
1022 376 1224 430 relinquit
1245 375 1426 431 epistolis
1445 376 1626 418 scriben-

215 435 291 481 dis.
349 433 582 473 Herodiani
601 432 755 471 edendi
775 447 911 472 curam
931 433 982 471 ad
997 435 1059 473 Te
1082 432 1253 479 venisse,
1281 433 1470 488 gaudeo:
1502 446 1544 474 et
1565 449 1627 474 re·

214 503 278 531 cte
300 494 396 530 aTe
417 491 555 529 omnia
575 489 846 528 administrari
868 490 1007 530 video.
1035 512 1090 521 --
1121 492 1190 529 Ex
1215 489 1494 542 editionibus,
1522 506 1625 547 quas

216 548 434 594 desideras,
469 545 581 585 nulla
595 546 695 584 Tibi
718 562 821 601 opus
843 547 912 595 est,
940 557 1102 600 praeter
1124 547 1472 601 Stephanianam3
1501 564 1627 604 quam

214 616 255 645 et
277 605 377 644 Tibi
398 602 648 657 sequendam
673 604 848 643 arbitror
869 605 1046 644 maxime
1079 610 1126 644 εἰ
1148 619 1224 658 pro
1244 604 1327 643 bafi
1349 605 1451 643 novi
1471 615 1624 655 textu&

211 664 321 704 Nam
346 660 433 715 post
455 676 543 699 eam
568 661 640 715 qui
663 661 851 705 edidere,
893 661 1001 700 nihil
1023 663 1126 700 noui
1151 661 1327 708 dedere,
1358 661 1433 700 nisi
1455 663 1625 704 fortasse

211 721 313 761 vitia
337 733 555 772 operarum
578 733 699 760 noua.
758 720 861 757 Eam
889 734 911 757 a
942 733 1006 757 me
1037 720 1222 772 accipere
1252 729 1383 773 potes,
1443 721 1624 759 Tomum

213 776 487 818 Collectionis
507 775 808 829 Sylburgianae
823 778 903 818 ΙΙΙ.
928 776 1057 814 habui
1080 775 1182 830 ipse,
1214 776 1286 816 sed
1307 777 1389 814 iam
1411 791 1496 815 non
1515 791 1625 816 com-

209 844 339 889 paret.
401 835 524 872 Forte
555 844 597 872 et
626 833 759 886 ipsum
791 833 995 872 Leisuero
1017 833 1139 880 dedi,
1176 832 1277 872 ficut
1299 833 1531 872 editionem
1551 836 1621 874 In-

210 891 502 946 golftadinam3
554 891 600 928 in
628 904 708 944 qua
742 890 855 943 quod
879 890 1075 943 scriptum
1107 889 1162 930 est
1193 890 1242 930 de
1264 890 1420 930 Codice
1445 892 1628 941 Veneto,

210 949 254 987 id
277 963 299 987 a
322 963 386 987 me
411 946 489 987 est:
536 958 601 994 et,
632 950 677 985 ni
696 947 838 996 fallor,
895 948 1140 995 varietates,
1184 962 1290 1001 quae
1311 945 1468 987 suntin
1492 943 1623 1002 speci-

208 1007 320 1044 mine
344 1005 456 1045 edito
480 1019 502 1043 a
523 1004 738 1058 Teupo}o‚
773 1019 822 1043 eo
847 1006 891 1043 in
911 1005 1006 1044 loco
1027 1004 1242 1058 adscripsi,
1283 1003 1334 1043 ad
1353 1019 1476 1058 quem
1498 1005 1625 1059 perti·

207 1074 325 1108 nent,
385 1062 586 1101 Editione
610 1063 723 1101 Parei
743 1064 843 1100 Tibi
865 1077 969 1116 opus
990 1076 1075 1101 non
1098 1061 1165 1114 est.
1226 1064 1387 1100 Textus
1409 1060 1464 1101 est
1498 1063 1623 1102 vitio·

208 1121 301 1165 sus,
347 1120 461 1159 nulla
495 1134 516 1158 a
548 1125 671 1159 Pareo
704 1120 983 1166 correctione,
1034 1118 1076 1159 ei
1112 1129 1236 1159 notae
1274 1117 1371 1158 sunt
1407 1116 1622 1173 politicae,

209 1192 316 1231 quos
347 1188 388 1217 et
407 1178 681 1231 Aphorismos
706 1177 898 1216 Politicos
925 1192 977 1217 ex
1008 1177 1168 1218 Herod.
1200 1185 1397 1230 exceptos
1426 1176 1622 1230 appellat.

208 1234 454 1275 Editionem
475 1234 835 1289 Edinburgenfem
853 1249 938 1273 non
957 1235 1057 1276 vidi.
1117 1233 1196 1276 Sed
1219 1232 1374 1276 Ediub.
1387 1233 1478 1275 edd,
1494 1233 1622 1288 vulgo

208 1303 368 1331 tantum
396 1303 558 1331 textum
591 1292 661 1330 Gr.
691 1292 872 1341 habent,
919 1293 1144 1346 repetitum
1173 1305 1226 1330 ex
1254 1290 1392 1345 aliqua
1414 1288 1621 1345 superiori

208 1350 408 1389 editione.
444 1350 671 1388 Voe‘tianas
691 1348 853 1388 notulas
874 1348 1024 1388 habui:
1058 1348 1130 1391 [ed
1153 1359 1194 1387 ot
1217 1347 1330 1402 ipsae
1352 1362 1436 1392 non
1461 1362 1624 1402 compa·

206 1417 324 1454 rent3
356 1421 431 1445 nec
450 1405 548 1444 sunt
568 1406 687 1446 tanti.
758 1406 1009 1445 Oxonienfis
1027 1415 1166 1445 textus
1190 1404 1300 1444 vnde
1320 1404 1390 1451 fit,
1431 1419 1516 1443 non
1536 1419 1622 1444 me·

205 1465 324 1506 mini.
386 1464 429 1502 Si
451 1458 506 1501 est
528 1462 831 1516 Stephanicus‚
876 1462 918 1500 id
941 1461 1178 1516 exemplum
1200 1460 1503 1500 accommodari
1525 1475 1624 1515 ope.

204 1523 260 1562 ris
285 1533 452 1575 typogr.
477 1519 620 1574 potest.
681 1520 725 1558 Si
744 1519 875 1558 otium
899 1517 1023 1568 effer,
1069 1517 1194 1558 facile
1226 1532 1247 1556 a
1276 1533 1342 1556 me
1362 1518 1621 1571 impetrares,

206 1591 252 1619 vt
271 1578 431 1632 aliquid
454 1578 504 1616 de
526 1592 619 1616 meo
655 1577 807 1616 darem.
854 1606 856 1608 v
895 1575 978 1617 Sed
1017 1575 1134 1614 nullo
1174 1574 1299 1620 modo
1338 1573 1500 1626 poffum
1538 1576 1620 1614 iam

205 1636 447 1690 scriptorem
465 1635 578 1673 hunc
598 1634 793 1673 curiosius
816 1642 1012 1672 tractare:
1063 1647 1158 1671 nam
1179 1630 1385 1671 iuuenilia
1400 1661 1410 1679 ,
1439 1646 1546 1687 quae
1569 1632 1621 1672 ad

206 1694 324 1732 ilium
346 1693 506 1739 notaui,
537 1706 622 1730 non
643 1691 740 1730 sunt
760 1690 886 1729 huius
909 1690 1056 1729 aetatis
1080 1704 1127 1729 ac
1145 1690 1361 1743 temporis.·
1420 1690 1619 1729 Ceterum

205 1750 375 1790 fortasse
397 1748 556 1804 aliquid
577 1759 649 1787 aut
667 1748 762 1802 plus
785 1748 860 1787 otii
880 1749 981 1794 erit,
1036 1762 1128 1785 cum
1157 1749 1248 1785 Tua
1277 1756 1399 1785 erunt
1419 1745 1622 1800 absoluta,

204 1807 350 1847 lioebit
370 1822 451 1862 que
474 1806 635 1860 aliquid
655 1805 804 1844 addere
828 1805 878 1844 de
900 1819 1009 1843 meo.
1036 1828 1093 1834 ——
1113 1804 1261 1843 Habeo
1286 1814 1327 1843 et
1350 1803 1617 1845 ed.Alclinam

205 1867 402 1904 maiorem
435 1880 469 1904 a.
507 1876 626 1915 1503.
667 1862 738 1902 fed
770 1862 820 1900 ab
849 1877 895 1901 ea
927 1862 986 1900 nil
1015 1860 1245 1914 discrepare
1275 1871 1377 1915 puto
1399 1861 1616 1900 minorem.

202 1925 352 1976 Itaque
379 1937 423 1960 ea
447 1924 509 1960 Te
536 1921 712 1959 arbitror
735 1934 872 1959 carere
893 1918 1021 1972 posse.
1083 1918 1202 1961 Vale.
1240 1919 1323 1964 Ser,
1345 1915 1618 1973 d‚XV.Sept.

202 1984 391 2030 (1770,)
419 1979 503 2018 Tui
525 1977 828 2016 studiofissimus
851 1978 885 2018 I.
901 1981 946 2018 A.
959 1974 1135 2015 Ernesti.
1150 1983 1178 2000 “
1552 2011 1556 2014 Δ

482 2125 508 2143 ‚,
524 2094 594 2131 Vir
621 2092 848 2133 Cim-imme
880 2100 1005 2144 atque
1025 2089 1270 2128 Doctiffime

319 2153 458 2206 „Quo
489 2151 636 2189 maiori
663 2149 823 2203 semper
854 2147 1053 2186 desiderio
1084 2145 1303 2200 ssagrabam
1346 2147 1514 2203 legendi
1545 2144 1617 2188 aii·

207 2210 372 2264 quando
397 2208 684 2248 Herodianum
717 2206 827 2245 beati
847 2204 1044 2243 Leisneri
1072 2203 1258 2242 doctrina
1289 2205 1550 2244 emendatum
1575 2216 1617 2245 et

208 2267 478 2312 illustratum,
532 2264 720 2303 dolebam
755 2277 836 2317 que
871 2262 950 2300 hoc
975 2275 1080 2314 opus
1111 2257 1201 2299 Viri
1231 2273 1363 2301 morte
1387 2261 1468 2303 effe
1490 2263 1616 2300 inter-

204 2335 397 2377 ruptum:
446 2337 495 2361 eo
520 2323 663 2361 maiori
687 2319 894 2360 afficiebar
913 2315 1094 2364 laetitia,
1137 2330 1228 2357 cum
1262 2317 1312 2356 ab
1333 2316 1521 2357 Ernestio
1544 2333 1616 2372 po·

205 2382 396 2419 tiffimum
428 2380 525 2418 'sibi
556 2380 656 2418 Viro
692 2379 938 2416 Graecarum
970 2387 1011 2414 et
1042 2375 1289 2414 Latinarum
1326 2373 1537 2413 literarum
1570 2375 1615 2415 in

203 2439 346 2491 primis
377 2451 504 2492 gnaro
534 2436 616 2475 hoc
646 2436 828 2474 muneris
860 2432 940 2472 esse
971 2432 1164 2471 traditum
1207 2445 1260 2469 ex
1299 2432 1361 2470 Te
1402 2431 1614 2478 audirem3

204 2509 327 2549 quem
351 2495 393 2532 iu
419 2495 559 2547 primis
582 2493 670 2546 spei
691 2491 849 2531 nostrae
871 2488 1160 2543 responsurum
1184 2486 1264 2526 effe
1285 2487 1383 2528 scio.
1408 2510 1464 2520 -—-
1488 2487 1615 2544 Quod

203 2566 303 2590 vero
326 2566 390 2588 me
414 2565 552 2601 rogas,
584 2561 626 2588 vt
649 2560 688 2587 et
712 2564 812 2605 ego,
842 2548 870 2586 fi
891 2547 1050 2600 poffim,
1072 2546 1134 2582 Te
1154 2544 1347 2583 adiuuem
1372 2560 1460 2585 mea
1483 2546 1613 2600 quali-

198 2596 371 2662 ‘cunque
396 2602 499 2658 ope,
543 2607 584 2645 ir]
617 2606 692 2656 ost,
746 2602 955 2644 mouendo
975 2602 1025 2640 de
1046 2600 1162 2638 libris
1186 2601 1440 2650 Herodiani,
1473 2603 1546 2657 qui
1569 2603 1631 2642 in·

204 2664 466 2704 Bibliotheca
502 2663 705 2702 senatoria
739 2661 1017 2701 affer-uantur:
1050 2660 1113 2696 Te
1145 2673 1227 2696 non
1250 2658 1518 2717 lateresputo,
1551 2660 1614 2698 nil

206 2737 331 2762 manu
363 2730 621 2760 exaratorum
652 2719 759 2772 apud
791 2732 865 2756 nos
898 2716 1046 2763 latere,
1094 2714 1281 2770 alioquin
1319 2717 1431 2755 euim
1470 2730 1623 2758 eorum.
