1707 3140
596 91 1013 165 LIBERI(
1488 130 1517 174 9

17 240 19 244 '
77 243 266 271 narentur.
316 230 375 269 Ad
396 231 485 266 haec
504 230 640 279 lanugo
669 231 772 267 malis
794 229 1056 277 proserpebat,
1085 241 1218 275 easque
1247 226 1343 276 quali
1369 227 1521 265 floribus
1546 238 1589 263 10

76 279 342 319 conuestiebat.
386 279 645 328 Talemigitur
663 280 923 327 imperatorem
942 278 1065 315 faustis
1085 278 1272 315 ominibus
1290 277 1522 313 acclamatio-
1547 287 1587 311 ιι

76 333 286 379 nibusque‚
331 342 369 366 et
399 341 622 365 coronarum
654 330 865 377 florumque
902 328 1142 376 sparsionibus
1171 339 1409 374 exceperunt.
1450 326 1522 362 Sed
1547 336 1587 360 12

76 380 270 430 postquam
301 379 427 415 vrbem
454 377 633 427 ingressus
654 379 726 419 est,
758 379 934 426 IouiSque
965 377 1148 426 primum,
1174 378 1260 413 dein
1291 387 1523 413 caeterorum

77 432 235 468 deorum
254 429 390 475 templa
422 427 682 473 consalutauit,
708 427 915 476 gratiasque
934 427 1074 464 senatui
1097 426 1269 462 vniuerso
1289 427 1395 473 etf)
1421 438 1524 473 prae-

78 477 237 516 torianis
263 478 448 515 militibus
484 477 562 526 egit
595 477 759 514 seruatae
799 476 860 513 sibi
890 475 997 520 fidei,
1039 477 1080 512 in
1108 477 1228 512 aulam
1259 475 1456 524 palatinam
1489 474 1527 511 se

78 528 234 577 recepit.

760 577 857 612 Vlll.

78 625 269 696 Pauculis
297 625 408 676 igitur
439 625 545 664 annis
573 626 669 663 nihil
695 638 773 662 non
801 623 955 661 honoris
979 623 1142 671 paternis
1163 621 1288 659 amicis
1318 622 1527 664 exhibebat,

156 675 410 722 omnibusque
437 689 502 712 eos
527 676 688 725 negotiis
721 673 758 711 in
788 674 944 710 consilio
964 676 1010 722 g)
1031 674 1199 709 habebat.
1251 674 1287 719 h)
1321 673 1414 708 Cura
1438 672 1525 708 dein
1547 671 1567 696 2

80 726 198 764 totius
217 724 362 771 imperii
392 726 472 761 aliis
495 725 725 766 demandata,
755 726 972 764 Perennem,
1000 723 1164 760 ltalicum
1183 723 1400 762 hominem,
1424 720 1527 756 mili-

80 776 169 813 taris
190 774 402 821 disciplinae
422 775 688 822 peritiffimum,
716 773 955 822 praetorianis
979 772 1169 820 praefecit.
1220 774 1251 808 ls
1279 769 1526 807 adolescentis

80 836 201 862 aetate
227 824 396 865 abutens,
427 825 571 861 deliciis
600 825 703 867 illum
722 823 923 871 ganeisque
954 821 1141 868 corrumpi
1174 820 1330 857 sinebat:
1364 818 1566 866 curaque3

82 873 186 911 omni
216 871 479 919 laboribusque
506 872 704 921 susceptis,
739 883 863 908 totum
890 873 996 919 plane
1023 870 1220 918 imperium
1241 869 1525 906 administrabat.

81 919 169 961 Erat
192 921 231 958 in
252 920 407 957 homine
427 923 637 960 inexhausta
668 922 880 958 diuitiarum
912 920 1000 962 sitis,
1026 920 1072 957 fic
1090 931 1130 956 vt
1150 919 1256 955 nihili
1288 931 1382 967 quae
1403 918 1526 967 acqui·
1549 921 1572 954 4

81 973 212 1013 flerat,
240 972 433 1018 pendens,
463 972 575 1009 nouis
604 972 745 1019 semper
774 970 887 1006 lucris
917 970 1134 1006 insatiabilis
1161 968 1335 1005 inhiaret.
1388 968 1461 1004 Hic
1492 978 1530 1004 et

82 1032 262 1071 paternos
292 1021 492 1057 Commodi
521 1021 658 1057 amicos
685 1021 823 1070 primus
852 1020 1047 1055 calumniis
1077 1031 1267 1066 premere,
1297 1030 1335 1056 et
1360 1017 1532 1064 locuple-

84 1071 260 1108 tiffimum
285 1078 471 1118 quemque
491 1069 830 1117 nobilissimumque
850 1070 889 1105 in
908 1069 1152 1116 suspicionem
1175 1067 1359 1104 adducere
1376 1066 1530 1103 institit:

83 1120 225 1157 scilicet
237 1130 278 1155 vt
297 1119 555 1166 perterrefacto
577 1119 822 1159 adolescente,
848 1130 957 1166 atque
976 1117 1051 1154 illis
1071 1117 1252 1165 supplicio
1273 1115 1422 1157 affeffls,
1446 1128 1533 1152 cau-

84 1169 156 1206 sam
174 1168 471 1216 potestatemque
500 1168 575 1216 ipse
594 1169 747 1205 haberet
774 1168 814 1203 in
833 1180 962 1203 eorum
985 1168 1080 1202 bona
1101 1177 1139 1202 et
1157 1165 1328 1202 fortunas
1347 1165 1532 1202 inuaden-

85 1218 134 1254 di.
181 1218 374 1254 Caeterum
394 1217 619 1265 aliquamdiu
640 1229 726 1253 cum
746 1217 859 1264 patris
883 1215 1072 1256 memoria,
1100 1227 1180 1251 tum
1201 1215 1405 1251 amicorum
1425 1226 1529 1250 reue·
1553 1219 1570 1253 5

44 1303 47 1307 ,
83 1265 205 1304 rencia
225 1265 415 1303 continuit
431 1265 728 1303 adolescentem:
757 1267 785 1312 i)
806 1265 894 1302 dein
914 1266 1019 1302 velut
1037 1263 1194 1311 maligna
1218 1264 1398 1312 quaedam
1417 1263 1532 1310 atque

84 1315 212 1353 inuida
229 1315 394 1357 fortuna,
417 1316 558 1352 testum
579 1316 699 1352 adhuc
720 1315 1030 1361 moderatumque
1049 1313 1150 1350 illius
1171 1314 1361 1362 ingenium
1382 1314 1532 1350 subuer-

85 1367 147 1403 tit.
198 1365 293 1402 Nam
321 1365 371 1401 ita
394 1378 450 1403 res
470 1365 618 1402 accidit.
664 1364 806 1402 Lucilla
826 1376 904 1401 erat
923 1363 1136 1401 Commodo
1170 1363 1325 1399 maxima
1353 1373 1442 1398 natu
1473 1362 1531 1398 so·
1552 1359 1573 1394 6

84 1428 172 1452 ror:
195 1427 236 1450 ea
260 1410 359 1461 prius
378 1414 418 1452 L.
430 1416 531 1451 Vero
554 1414 771 1462 imperatori
794 1414 981 1461 nupserat,
1011 1426 1120 1461 quern
1148 1412 1358 1449 consortem
1379 1411 1444 1448 fibi
1464 1411 1534 1447 im-

86 1463 343 1513 periiMarcus
361 1463 552 1505 asciuerat‚
574 1465 769 1512 locataque
789 1463 829 1500 in
848 1463 1126 1500 matrimonium
1145 1461 1231 1504 filia,
1256 1461 1458 1509 firmiffirno
1480 1459 1533 1496 af-

85 1513 244 1550 finitatis
265 1513 419 1550 vinculo
442 1512 709 1550 adstrinxerat:
741 1512 802 1550 sed
824 1512 1012 1560 postquam
1033 1515 1072 1549 L.
1089 1511 1166 1548 fato
1184 1511 1335 1548 functus
1355 1511 1426 1553 est,
1457 1522 1532 1546 ma·
1550 1511 1575 1545 7

85 1561 266 1610 nentib'us
293 1562 413 1600 adhuc
433 1563 599 1600 Lucillae
619 1562 844 1610 principatus
873 1561 1090 1611 insignibus,
1117 1561 1347 1608 Pompeiano
1369 1573 1448 1596 eam
1471 1572 1535 1607 pa-

89 1623 149 1649 ter
178 1611 389 1659 despondit.
440 1613 573 1649 Nihilo
604 1623 728 1649 tamen
757 1612 876 1648 secius
901 1611 1093 1659 pristinum
1123 1610 1177 1646 illi
1205 1612 1390 1647 honorem
1415 1611 1529 1646 Com·
1555 1606 1575 1641 8

88 1662 223 1698 modus
253 1659 402 1707 reliquit
428 1661 686 1709 vsurpandum.
740 1673 825 1696 nam
859 1671 899 1698 et
925 1660 1013 1697 sella
1046 1659 1282 1708 imperatoria
1308 1658 1531 1703 seslitarelin

89 1710 251 1752 theatro,
279 1722 317 1746 et
332 1711 459 1759 ignem
488 1711 536 1746 de
554 1724 658 1747 more
681 1709 856 1758 praeferri
884 1709 1105 1758 patiebatur.
1143 1710 1282 1746 *Postea
1311 1722 1400 1745 vero
1422 1720 1531 1757 quarn
1552 1712 1574 1745 ⁹

90 1759 323 1798 Commodus
346 1772 498 1797 vxorem
519 1760 869 1808 duxit-crispinam,
897 1772 938 1795 ac
956 1759 1099 1795 necesse
1120 1759 1195 1796 fuit
1224 1758 1406 1806 principis
1424 1756 1532 1794 vxori

90 1807 214 1856 primo
243 1810 327 1845 loco
348 1809 503 1850 cedere,
529 1808 662 1857 iniquo
682 1810 822 1846 scilicet
841 1810 912 1845 hoc
937 1809 1061 1845 animo
1081 1809 1222 1844 Lucilla
1249 1808 1398 1850 ferens,
1422 1818 1535 1854 atque

89 1856 191 1895 illius
212 1859 394 1894 honorem
413 1859 455 1896 in
472 1858 571 1895 suam
597 1859 865 1905 contumeliam
885 1870 1045 1900 verrem,
1073 1871 1188 1906 quum
1209 1857 1318 1894 sciret
1336 1870 1354 1892 a
1373 1857 1453 1892 viro
1470 1855 1536 1893 suo
1564 1854 1567 1857 ’

89 1907 323 1955 Pompeiano
345 1910 597 1945 Commodum
615 1908 743 1957 diligi,
771 1909 926 1944 minime
954 1908 1035 1944 ausa
1061 1908 1110 1944 est
1137 1906 1330 1955 quippiam
1353 1907 1398 1943 ad
1416 1905 1536 1953 ipsum

89 1954 199 2004 super
231 1957 452 2003 occupando
474 1957 633 2004 imperio
653 1958 810 1995 referre:
838 1958 898 1994 sed
920 1955 1084 1993 animum
1105 1957 1298 1997 Quadrati,
1320 1954 1536 1992 nobiliffimi
1562 1955 1604 1980 10

93 2004 445 2052 locupletiffimique
463 2007 719 2048 adolescentis,
747 2006 953 2055 periclitata
967 2009 1069 2050 (cum
1091 2018 1166 2054 quo
1186 2007 1299 2042 etiam
1313 2005 1422 2053 stupri
1444 2017 1538 2040 con-

91 2051 329 2091 suetudinem
347 2056 481 2092 habere
503 2055 788 2103 existimabatur)
814 2056 1093 2105 grauiliimeque
1112 2056 1208 2102 apud
1229 2067 1315 2092 eum
1341 2052 1380 2100 k)
1410 2054 1456 2091 de
1478 2065 1539 2089 ac-

131 2170 186 2218 f)
206 2181 244 2207 et
267 2170 322 2213 iis,
342 2171 404 2218 qui
418 2169 534 2208 relif'ti
553 2171 693 2207 Romae
710 2170 793 2208 fue-

96 2230 179 2255 tant
199 2219 380 2257 militibus
407 2220 492 2269 egit.
518 2222 639 2269 Steph.

136 2270 194 2316 g)
210 2268 281 2305 for.
301 2271 491 2306 adhibebat
507 2271 619 2306 Polit.
641 2268 792 2317 scripsit.

93 2317 215 2366 Steph.

843 2170 1012 2217 crapulae
1051 2168 1248 2219 indulgere
1279 2170 1424 2211 sinens,
1457 2170 1543 2207 et'a

845 2233 929 2256 cura
966 2220 1153 2257 laboribus
1180 2233 1254 2267 que
1292 2220 1543 2267 imperatoriis

844 2281 1013 2310 avocans,
1026 2279 1142 2305 totam
1161 2268 1305 2317 imperii
1318 2269 1544 2306 administra-

845 2319 988 2355 tionem
1008 2318 1176 2365 suscepit.
1228 2320 1313 2356 Erat
1345 2319 1384 2354 in
1412 2319 1448 2354 h.
1472 2329 1541 2355 etc.

147 2369 196 2412 h)
219 2367 345 2404 Postea
374 2381 485 2410 vero,
510 2380 620 2415 quarn
648 2367 794 2415 imperii

46 2424 47 2427 ’
97 2428 224 2454 curam
251 2416 314 2455 sibi
345 2417 409 2465 ipfi
438 2417 632 2460 commisit,
662 2420 794 2457 Peren-

95 2479 186 2503 nem
222 2467 466 2514 praetorianis
501 2467 701 2516 praefecit,
750 2471 796 2505 It.

98 2516 204 2552 hom.
225 2516 289 2564 qu'i
319 2516 505 2558 militaris,
530 2517 553 2552 i.
583 2517 637 2553 rei
660 2518 794 2554 milita-

98 2564 148 2601 ris
177 2565 340 2611 peritus,
374 2566 595 2603 habebatur:
624 2577 700 2612 quo
732 2581 797 2614 po-

92 2613 272 2664 tiffimum
322 2615 476 2652 nomine
517 2615 673 2662 praeesse
711 2630 796 2654 eum

100 2662 323 2699 exercitibus
356 2664 490 2700 voluit.
540 2666 572 2700 Is
600 2664 698 2702 adol.
726 2678 796 2703 aet.

100 2712 204 2749 abuti
222 2712 370 2762 coepit,
396 2725 479 2751 eum
498 2724 571 2764 que
599 2713 739 2754 deliciis
761 2726 800 2754 et

843 2369 960 2417 Steph.
987 2369 1080 2404 Cura
1099 2368 1236 2406 deinde
1262 2368 1410 2417 imperii
1437 2368 1483 2404 ad
1505 2367 1543 2404 se

843 2428 1024 2454 revocata.
1051 2419 1194 2454 Memm.

893 2468 925 2511 i)
950 2466 1061 2508 dein.
1092 2480 1124 2502 v.
1159 2481 1207 2505 m.
1243 2467 1399 2516 quadarn
1428 2477 1544 2512 atque

845 2514 923 2567 iny.
943 2515 987 2557 f.‚
1017 2516 1105 2552 rest.
1131 2530 1162 2554 a.
1182 2519 1283 2554 mod.
1303 2529 1340 2564 q.
1361 2515 1412 2552 illi
1437 2515 1545 2563 inge-

845 2574 948 2602 nium
971 2565 1221 2609 subvertente,
1249 2565 1322 2602 tale
1342 2565 1433 2613 quid
1451 2562 1545 2600 acci·

846 2613 914 2650 dit.
939 2615 1054 2663 Steph.

891 2662 931 2709 k)
956 2665 1004 2701 de
1023 2666 1142 2710 primo
1159 2664 1245 2701 loco
1265 2662 1328 2700 fibi
1348 2663 1545 2712 denegato,

847 2714 906 2751 vel
946 2714 992 2750 de
1020 2715 1144 2763 primo
1178 2715 1263 2752 loco
1300 2711 1364 2750 fibi
1401 2722 1545 2762 erepto.
