1748 3017
148 525 192 560 14
212 534 330 557 vacuo
354 519 543 555 incidente
569 517 658 552 telo‘.

142 1152 182 1184 18
207 1156 360 1204 migrare
390 1154 610 1189 institueret.

142 1253 182 1286 19
205 1254 270 1290 set.

213 129 278 159 20
391 107 894 162 HERODIANI

966 98 1471 154 'HISTORIAE

211 227 309 269 &um
337 226 520 274 quendam
552 225 592 260 in
625 235 771 259 arenam
799 219 902 257 cursu
939 220 1119 256 acerrimo
1149 216 1503 265 comprehenderat,
1528 214 1573 252 fic
1601 219 1643 254 Vt

210 277 357 313 iamiam
379 277 555 311 laniatura
575 273 781 313 videretur,
809 270 857 305 ita
879 279 1097 316 opportuno
1124 269 1278 303 vulnere
1308 267 1642 320 consequutus-est,

211 336 255 362 vt
279 325 467 361 interfeua
499 324 606 359 belua
630 323 819 356 hominem
850 317 1066 359 seruauerit‚
1095 329 1135 351 ac
1153 317 1322 352 dentium
1349 325 1500 362 quoque
1523 326 1641 351 aciem

144 376 188 414 13
212 373 363 421 cuspide
386 372 457 420 ipsa
481 371 585 407 iaculi
605 368 850 416 praeueniret.
896 368 1039 403 Leones
1059 365 1149 402 item
1180 377 1288 400 cauea
1306 376 1455 400 centum
1476 362 1653 405 eductos,

211 423 370 461 totidem
401 421 583 456 miffilibus
604 418 792 454 vniuersos
818 415 978 451 occidit:
1004 415 1055 450 ita
1085 416 1147 451 suo
1169 413 1301 449 ordine
1327 411 1532 449 iacentibus
1558 423 1642 447 cor-

200 472 378 521 ·poribus,
401 481 439 505 vt
462 471 491 512 t)
512 466 695 505 numerari
714 466 887 501 facillime
906 464 1039 512 lingula
1060 462 1213 510 possent,
1231 463 1339 499 nullo
1358 461 1500 498 scilicet
1516 461 1642 507 supert-

711 517 747 561 u)
766 514 951 550 Hauer‘rus
972 513 1108 562 igitur,
1135 525 1228 559 quae
1248 512 1642 560 gerebantur-squam-

212 571 270 606 vis
298 583 313 604 a
335 565 501 614 principe
524 565 641 602 aliena
669 565 905 602 viderentur,
931 573 1055 598 tamen
1084 562 1261 609 quoniam
1289 560 1552 614 fortitudinem
1575 558 1643 596 fci-

213 619 426 664 entiamque
455 627 540 664 prae
558 614 593 650 se
611 614 773 653 ferrent,
793 614 1007 659 popularem
1035 611 1217 657 quandam
1246 620 1397 658 gratiam
1425 609 1642 645 emereban-

147 673 190 707 15
213 679 290 705 tur:
317 678 442 702 verum
472 665 531 701 vbi
560 663 630 698 iam
660 662 781 698 nudus
811 661 982 707 ingressus
1004 659 1314 706 amphitheatrum
1338 659 1407 698 est,
1436 658 1643 705 sumtisque

212 715 318 753 armis
339 727 513 751 numeros
532 711 767 761 gladiatorios
789 709 979 751 imp-lebat,
999 721 1080 745 tum
1091 718 1178 744 vero
1199 707 1297 744 triste
1310 709 1478 744 Romano
1497 706 1641 754 populo

208 765 449 812 spestacul'nin
479 762 516 798 id
538 761 675 802 visum,
709 758 970 795 nobilissimum
1001 760 1281 805 imperatorem,
1309 755 1386 803 post
1399 766 1480 796 tam
1503 756 1640 792 multos

166 852 169 854 ,
209 813 370 862 parentis
390 813 441 848 sui
465 811 715 856 maiorumque
737 809 956 854 triumphos,
979 820 1056 843 non
1078 806 1229 855 quidem
1260 805 1430 842 aduersus
1448 807 1492 851 x)
1514 805 1642 841 beluas

161 864 165 869 ”
208 875 305 899 arma
324 874 452 908 capere
471 859 652 899 militaria,
681 857 737 893 vel
755 857 1006 892 Romanorum
1027 856 1184 903 imperio
1209 855 1465 904 congruentia,
1485 854 1547 890 sed
1567 866 1645 890 am-

209 912 397 959 pliffimam
435 908 652 957 dignitatem
690 906 893 952 turpiffimo
929 905 1211 950 foediffimoque
1237 906 1340 941 cultu
1372 903 1642 941 contaminare.

145 951 186 985 ¹⁶
209 959 326 997 Facile
347 971 473 997 autem
490 957 666 992 dimicans
695 956 779 991 suos
801 967 991 1001 compares
1012 955 1223 1001 superabat:
1252 965 1374 1000 neque
1393 962 1517 990 tamen
1548 954 1644 989 vltra

206 1010 355 1045 vulnera
386 1006 627 1053 procedebat,
663 1004 775 1040 dante
804 1015 1035 1051 vnoquoque
1064 1016 1212 1042 manus,
1241 1014 1352 1050 atque
1382 1003 1645 1050 imperatorem

144 1058 186 1091 Ι7
207 1059 333 1106 potius
362 1069 469 1103 quam
488 1055 729 1102 =gladiatorem
747 1054 983 1103 agnoscente.

1036 1053 1166 1096 quue
1195 1053 1416 1101 vesaniaey)
1447 1051 1642 1098 prouectus

207 1107 275 1147 est,
300 1116 340 1141 vt
358 1105 521 1141 deserere
547 1102 789 1151 principalem
814 1103 931 1138 aulam
953 1101 1132 1148 atquessin
1159 1106 1200 1142 z)
1230 1101 1358 1137 ludum
1380 1100 1641 1150 gladiatorium

674 1153 808 1206 Neque
833 1152 869 1186 se
899 1151 1056 1196 amplius
1087 1150 1287 1205 Herculem
1317 1149 1495 1198 appellari
1526 1150 1641 1197 patie-

205 1207 322 1244 batur,
349 1202 524 1249 adoptato
556 1199 767 1236 nobiliffimr
789 1198 999 1247 gladiatoris
1019 1211 1186 1241 nomine,
1212 1199 1276 1246 qui
1299 1199 1370 1234 iam
1390 1199 1466 1235 vita
1484 1194 1643 1234 excessus-

323 1252 428 1295 Quin
447 1250 637 1286 simulacro
669 1248 722 1284 illi
753 1247 925 1289 coloffeo,
951 1248 1052 1294 quod
1075 1248 1248 1284 Romanis
1270 1247 1480 1284 venerabile
1499 1247 1560 1288 est,
1582 1247 1642 1283 so-

201 1302 244 1338 lis
263 1301 422 1343 effigiem
443 1311 587 1348 gerens,
613 1298 734 1345 capite
755 1297 882 1332 demto
906 1297 1010 1333 suum
1040 1296 1240 1342 imposuit:
1268 1308 1379 1344 atque
1399 1297 1436 1332 in
1468 1296 1536 1332 basi
1556 1295 1642 1332 sub-

199 1344 346 1398 scripfit'
368 1361 445 1385 non
474 1360 569 1395 quos
595 1345 799 1383 consueffet
829 1345 1085 1393 imperatorios
1121 1357 1370 1394 patei-nosque
1399 1345 1553 1389 titulos,
1579 1344 1642 1383 sed

200 1413 269 1448 pro
289 1397 509 1435 Germanico
521 1423 532 1441 ‚
556 1396 660 1433 Mille
670 1397 915 1445 gladiatorum
933 1396 1115 1432 viam-em.

409 1497 440 1527 ⁰
870 1511 967 1547 xvi.

203 1578 428 1646 Caeterum
452 1577 565 1624 ipsum
585 1587 732 1624 quoque
753 1574 916 1612 desinere
935 1575 1135 1623 aliquando
1156 1576 1201 1611 ab
1223 1575 1282 1611 sua
1302 1574 1475 1612 vecordia
1491 1584 1529 1614 'et
1546 1567 1639 1616 ciui-

158 1643 180 1667 2
290 1640 401 1664 tatem
424 1626 621 1675 tyrannide
649 1625 793 1661 liberari
817 1625 1035 1673 oportebat:
1062 1625 1175 1672 idque
1201 1637 1299 1661 anno
1319 1625 1494 1662 ineunte:
1523 1632 1637 1674 quem

202 1679 300 1714 diem
321 1676 474 1712 Romani
495 1675 624 1712 festum
647 1685 773 1723 agunt,
799 1673 842 1709 ad
869 1675 1040 1719 (Ianum)
1069 1673 1340 1710 vetustiffimum
1371 1675 1497 1711 ltaliae
1523 1679 1638 1713 deum

160 1739 177 1775 3
200 1727 412 1764 referentes,
438 1725 541 1761 cuius
560 1725 670 1760 etiam
692 1725 888 1758 Saturnum
918 1722 1048 1770 ipsum,
1077 1725 1119 1759 ab
1141 1726 1230 1759 Ioue
1249 1722 1328 1759 filio
1349 1724 1506 1771 pulsum,
1529 1735 1636 1774 quum

155 1791 181 1821 4
201 1776 239 1811 in
269 1786 407 1811 terram
435 1772 670 1821 descendIffbt,
696 1771 797 1808 fuisse
826 1771 1007 1819 hospitem
1036 1771 1263 1818 praedicant,
1291 1775 1329 1819 a)
1359 1783 1430 1815 et..
1453 1776 1556 1821 quod
1583 1773 1636 1812 ibi

159 1839 176 1870 5
202 1824 380 1863 latuisset,
409 1835 544 1859 nomen
563 1823 669 1857 Latio
697 1821 867 1857 inditum.

920 1822 1106 1867 roirca
1131 1821 1244 1857 etiarn
1273 1834 1374 1858 nunc
1396 1823 1553 1860 Romani
1575 1825 1637 1860 Sa-

157 1879 178 1910 6
201 1873 353 1910 turualia
383 1873 494 1919 prius,
519 1872 603 1907 dein
626 1883 713 1905 vero
744 1871 894 1906 initium
923 1870 1007 1906 anni
1032 1882 1136 1905 more
1153 1870 1219 1906 suo
1248 1872 1522 1908 concelebrant-
1562 1873 1636 1909 Est-

199 1935 271 1969 que
292 1923 370 1958 eius
397 1920 455 1957 dci
481 1918 603 1965 biceps
633 1921 768 1965 imago,
798 1931 836 1955 vt
864 1932 881 1954 a
909 1932 983 1965 quo
1007 1918 1141 1965 incipit
1165 1930 1203 1955 et
1223 1920 1262 1955 in
1281 1932 1392 1968 quem
1420 1921 1554 1958 definit
1573 1935 1638 1959 an-

154 1984 175 2017 7
197 1983 277 2008 nuS.
327 1972 362 2015 b)
380 1972 507 2011 Quum
529 1970 640 2018 igitur
660 1970 760 2005 hunc
783 1968 884 2004 diem
909 1969 1041 2006 festum
1069 1968 1201 2005 ciuitas
1220 1968 1397 2017 agitaret,
1422 1969 1558 2022 inquo
1575 1981 1637 2020 pa-

244 2088 275 2132 t)
306 2085 490 2121 numerari
519 2097 582 2132 per
603 2084 721 2120 otium
742 2083 888 2132 possent

194 2135 326 2171 omnia.
357 2136 493 2170 Memm.

245 2187 281 2226 u)
324 2182 507 2218 Hactenus
538 2181 670 2230 igitur,
704 2182 885 2228 quamuis,

198 2244 290 2279 quae
320 2233 558 2279 gerebantur,
583 2233 625 2266 ab
654 2231 886 2278 imperatoria

197 2280 379 2328 dignitate
426 2279 537 2314 essent
581 2280 720 2322 aliena,
760 2292 886 2316 tamen

197 2329 294 2376 apud
318 2330 445 2376 vulgus
468 2329 637 2373 aliquam,
653 2328 885 2365 fortitudinis

195 2390 284 2425 ergo
304 2389 339 2414 et
354 2376 501 2423 peritiae
521 2377 712 2413 iaculandi.
735 2380 885 2425 gratiam

195 2427 338 2462 emereb.
365 2427 458 2460 Puto
485 2436 620 2465 autem,
647 2427 756 2462 Polit
779 2427 884 2475 scrip-

194 2475 280 2513 nise.
301 2474 485 2522 scientiam
505 2485 577 2520 que
596 2475 773 2511 iaculandi
791 2485 882 2514 caet.

191 2524 308 2572 Steph.

244 2576 284 2618 x)
316 2570 483 2607 aduersus
502 2571 668 2608 barbaros
689 2584 783 2608 arma
804 2586 881 2621 cap.

193 2623 309 2668 Steph.
324 2622 421 2668 quod
436 2621 580 2656 notauit
597 2621 707 2657 etiam
727 2623 775 2658 lo.
790 2624 878 2658 Har.

193 2681 330 2718 tungus
368 2670 547 2705 Dea-uriae
577 2679 607 2715 3.
637 2683 666 2706 c.
699 2682 731 2706 2.
757 2671 789 2719 §.
824 2684 876 2708 12.

187 2720 279 2768 Sytb.

973 2085 1018 2131 y)
1046 2085 1115 2120 Pro
1131 2084 1318 2132 profec‘lus
1347 2084 1395 2134 cst
1412 2085 1523 2124 Polit.
1551 2087 1636 2126 scri-

938 2133 1038 2181 pfiffe
1052 2134 1238 2182 proueflus
1260 2133 1308 2184 est
1334 2145 1441 2181 puto.
1466 2137 1585 2184 Steph-

985 2184 1024 2229 z)
1051 2182 1283 2219 domicilium
1292 2184 1565 2233 gladiatorium.
1578 2185 1639 2223 Sic

936 2244 974 2270 et
995 2231 1035 2267 in
1056 2232 1133 2279 sqq.
1162 2233 1280 2280 Steph-

983 2282 1029 2327 a)-
1051 2281 1211 2316 veritum
1243 2287 1316 2327 que
1337 2278 1402 2316 filii
1424 2282 1633 2328 potentiam

934 2330 994 2365 vel
1007 2328 1254 2370 dominatum,
1265 2329 1519 2367 absconditum
1532 2332 1632 2379 apud

935 2390 1020 2414 eum
1043 2377 1194 2415 latuisse.
1219 2379 1320 2414 vnde
1346 2388 1385 2413 et
1411 2391 1554 2416 nomen
1572 2381 1630 2418 illi

934 2427 1058 2464 Italiae
1078 2428 1161 2462 loco
1182 2425 1404 2473 impolitum,
1424 2439 1461 2464 et
1481 2429 1629 2467 Latium

930 2476 1156 2524 appellatum
1184 2474 1311 2517 fuisse,
1334 2489 1356 2512 e
1383 2477 1527 2514 Graeco
1558 2478 1632 2515 ser-

930 2537 1042 2562 mone
1054 2524 1090 2560 in
1106 2525 1261 2571 patrium
1281 2525 1489 2562 deduftum.
1509 2529 1629 2576 Stepb.

978 2576 1014 2620 b)
1042 2575 1169 2614 Quum
1193 2574 1308 2622 igitur
1332 2573 1444 2611 festus
1463 2577 1525 2613 hic
1546 2577 1628 2614 dies

929 2622 1171 2662 aduentaret,
1198 2622 1344 2670 in‘quo
1372 2625 1527 2661 Romani
1554 2636 1627 2663 etc.

928 2671 1117 2719 sequendo
1147 2672 1344 2710 lectionem
1363 2673 1464 2712 illam
1488 2674 1530 2712 in
1549 2677 1627 2712 An-

925 2731 1008 2757 not.
1034 2719 1150 2770 Steph.
