1761 3140
382 144 571 185 SVPER
606 142 804 183 OPERE
840 139 1265 189 HERODIANEO,
1472 152 1538 181 vu

93 261 199 302 lium
232 260 273 299 id
294 258 333 299 ei
355 268 453 300 ante
475 258 708 312 permultos
731 272 863 297 annos
881 256 1061 296 subiecit
1077 256 1208 296 verno
1231 251 1423 310 Bergleri
1446 252 1531 294 ele·

95 334 198 375 gaus
220 328 262 358 et
283 317 454 371 pressior
478 315 740 363 Politianef1‚
770 330 876 370 quae
900 315 944 353 in
966 314 1092 354 editis
1115 312 1184 352 est-
1252 313 1356 351 Eam
1379 311 1530 351 versio·

94 391 191 416 nem
219 384 434 429 acceperat
464 374 644 426 primum
674 372 724 411 ab
762 372 1014 420 Ludovico,
1069 372 1143 426 qui
1180 369 1312 409 libros
1351 368 1527 423 scriptos

92 433 348 479 Menkeuii,
393 430 621 478 Burcardi,
658 441 827 470 emerat.
886 430 969 470 Sed
998 429 1108 469 hanc
1139 428 1396 475 versionem,
1433 441 1529 467 cum

93 491 148 530 iis
163 520 174 540 ‚
203 503 310 544 quae
330 487 419 542 ipse
440 487 612 542 collegit
631 501 706 541 per
729 486 867 541 plures
893 501 1050 535 annm,
1095 501 1188 526 cum
1211 484 1306 525 edd.
1328 494 1430 525 vett.
1455 482 1529 522 ha-

94 547 167 587 bet
186 547 297 586 filius
318 547 424 594 eius,
456 545 558 583 Tibi
580 560 664 584 non
686 546 870 600 ignotus.
930 545 995 584 Ab
1017 558 1068 584 eo
1087 542 1356 597 impetrabis,
1386 550 1434 580 ut
1454 555 1528 581 eas

94 605 258 645 chartas
289 603 391 642 Tibi
424 602 568 649 cedat,
609 613 657 641 ut
685 617 768 656 que
801 605 869 641 Tu
902 602 1034 656 patris
1066 599 1430 641 observationibus
1452 597 1529 636 sub

96 664 189 701 eius
220 662 392 701 nomine
428 660 602 699 edendis
635 659 787 708 addas,
827 674 935 714 quae
961 659 1031 699 vel
1062 659 1114 698 ad
1146 668 1336 704 textum,
1381 654 1451 696 vel
1474 654 1529 694 ad

95 734 187 765 res,
220 718 286 758 vel
317 717 369 757 ad
399 718 525 757 verba
554 716 749 771 prodesse
780 718 1016 757 videantur.
1073 717 1136 756 Ita
1172 714 1298 754 facile
1330 713 1527 754 invenies

94 777 339 822 librarium,
380 776 454 830 qui
474 775 674 821 redimat,
718 786 761 814 et
780 777 856 814 erit
883 789 989 829 opus
1008 773 1106 813 sane
1133 771 1363 813 vendibile.
1431 772 1527 825 Ego

94 849 196 874 vero
220 833 331 888 apud
354 834 606 872 Leisnerum
622 862 632 880 ‚
668 833 697 871 fi
726 832 777 871 ad
804 832 940 886 ipsum
961 831 1196 886 scripseris,
1240 840 1282 869 et
1300 839 1348 868 ut
1367 828 1447 868 hac
1473 828 1527 867 de

93 907 138 932 re
166 906 231 931 me
265 889 479 938 consulat,
517 890 641 930 facile
663 889 839 929 efficiam
854 920 865 938 ‚
897 901 944 929 ut
963 889 1065 928 Tibi
1084 887 1156 928 ista
1177 886 1322 936 cedat,
1353 897 1394 927 et
1411 900 1458 926 ea
1481 899 1526 925 re

96 951 222 990 etiam
246 949 412 987 nomini
433 949 618 1001 parentis
639 947 841 987 consulat.

211 1006 322 1061 Quia
355 1005 502 1060 spero,
540 1006 643 1044 Tibi
673 1005 890 1044 confilium
927 1019 1012 1044 non
1041 1003 1376 1058 displiciturum,
1411 1016 1525 1041 nunc

94 1063 265 1119 quidem
296 1078 381 1102 non
411 1062 681 1103 necessarium
713 1062 889 1102 arbitror
907 1063 1073 1101 mittere
1093 1061 1269 1109 librum,
1305 1075 1430 1114 quem
1445 1074 1526 1114 ,pe-

95 1121 202 1169 tisti,
234 1120 334 1159 alias
362 1131 550 1173 paratum
582 1119 634 1158 ad
662 1119 759 1159 usus
781 1122 911 1160 Tuos.
968 1121 1086 1159 Bene
1107 1119 1211 1158 Vale
1233 1120 1282 1161 V.
1304 1119 1354 1160 C.
1379 1128 1421 1157 ct
1441 1131 1522 1166 me,

96 1190 143 1218 ut
163 1179 266 1218 facis
283 1207 293 1226 ,
319 1192 422 1216 ama.
480 1178 565 1216 Ser.
587 1179 679 1216 Fer.
702 1178 758 1216 Π.
785 1178 882 1216 Nat.
905 1178 964 1216 D.
984 1178 1040 1216 N.
1063 1177 1097 1218 I.
1122 1176 1173 1219 C.

191 1355 293 1397 VIR
331 1353 721 1397 CLARISSIME
758 1353 979 1414 ATQVE
1015 1351 1434 1398 DOCTISSIME.

210 1464 365 1516 Accepi
385 1462 525 1502 literas
548 1465 678 1510 Tuas,
715 1477 769 1502 ex
793 1463 948 1517 quibus
969 1463 1153 1503 libenter
1173 1463 1371 1518 cognovi,
1396 1475 1520 1516 quam

94 1521 276 1563 affiduus
295 1522 343 1559 fis
364 1522 406 1559 in
428 1519 677 1559 Herodiano
701 1521 972 1574 expoliendo.
1030 1523 1102 1560 De
1124 1521 1312 1560 versione
1330 1518 1523 1574 Bergleri

95 1580 166 1620 vel
197 1578 405 1633 explenda
440 1578 507 1617 vel
540 1577 798 1618 emendanda
829 1578 938 1618 nihil
969 1579 1117 1619 melius
1148 1577 1257 1626 scio,
1297 1591 1428 1632 quam.
1452 1578 1523 1615 Tu

97 1638 186 1692 ipse
208 1647 328 1691 putas
353 1635 442 1674 fieri
463 1647 671 1689 oportere.
732 1637 803 1675 De
825 1636 1049 1676 collatione
1073 1638 1234 1676 Veneta
1256 1635 1364 1674 nihil
1386 1634 1521 1688 spero.

98 1697 210 1737 Nam
249 1705 288 1733 et
325 1708 389 1732 me
428 1694 472 1731 in
503 1692 763 1733 Callimacho
806 1693 899 1748 spes
943 1705 984 1734 et
1019 1693 1216 1748 promiffa
1258 1692 1521 1733 fefellerunt.

97 1755 246 1794 Dione
283 1751 418 1791 Caffio
447 1750 536 1805 ipse
563 1766 702 1791 carere
733 1767 818 1791 non
848 1751 1037 1806 poffum,
1081 1753 1154 1805 qui
1186 1752 1266 1790 iam
1296 1751 1340 1789 in
1369 1750 1521 1789 Tacito

36 1860 39 1864 Α
98 1812 250 1852 iterum
295 1808 529 1862 castigando
566 1809 726 1848 laboro.
798 1810 890 1849 Nec
921 1808 977 1848 est
1003 1809 1116 1864 quod
1147 1811 1217 1848 Tu
1249 1808 1349 1848 inde
1380 1807 1522 1862 speres

98 1867 266 1907 auxilii.
334 1867 604 1906 Fabricianae
638 1877 762 1906 notae
790 1867 886 1906 sunt
917 1868 1008 1906 fere
1037 1881 1146 1905 mera
1178 1865 1433 1906 collectanea
1460 1863 1524 1903 hi-

13 1925 15 1928 *
98 1924 269 1970 storica,
305 1924 567 1978 antiquaria,
605 1939 690 1964 non
721 1925 889 1964 criticae
918 1924 1320 1971 animadversiones,
1363 1924 1408 1962 in
1436 1922 1530 1976 qui·

100 1983 178 2020 bus
198 1983 320 2021 etiam
345 1981 521 2020 aliorum
541 1980 788 2036 scriptorum
810 1981 904 2022 loca
925 1982 1216 2021 emendentur.
1277 1982 1426 2035 Itaque
1448 1994 1527 2018 nec

104 2039 239 2079 Index
269 2037 324 2077 est
360 2038 527 2077 additus
557 2053 608 2078 eo
639 2041 867 2092 pertinens.
939 2039 1127 2079 Omnino
1158 2038 1315 2077 videris
1336 2037 1443 2075 mihi
1463 2037 1526 2074 ni·

105 2097 182 2134 mis
202 2095 386 2150 laborare
406 2096 448 2133 in
472 2110 599 2148 opere
620 2099 729 2136 Tuo.
800 2099 905 2135 Rem
935 2099 1033 2135 Tuo
1054 2098 1195 2135 Marte
1217 2110 1339 2149 gere,
1372 2104 1414 2134 et
1435 2092 1526 2133 noli

105 2153 178 2191 diu
200 2152 325 2191 nimis
345 2150 498 2192 moliri.
525 2152 645 2199 Vale,
678 2153 848 2206 Optime
868 2153 1074 2198 [rmischi‚
1091 2163 1133 2192 et
1150 2167 1215 2192 res
1237 2155 1350 2191 Tuas
1376 2165 1525 2191 omnes

106 2225 181 2265 age.
214 2209 408 2248 feliciter.
447 2210 604 2248 Iterum
628 2209 750 2253 Vale.
778 2210 862 2249 Scr.
884 2210 923 2249 d.
945 2211 987 2250 X
1008 2211 1099 2251 Ian.
1129 2210 1314 2250 LXXII.
1340 2210 1426 2249 Tui
1446 2208 1524 2247 stu-

105 2267 349 2307 diofiffimus
372 2267 406 2306 1.
426 2268 478 2308 A.
500 2265 676 2305 Ernesti.

400 2375 1528 2388 ffi—ffi**

106 2443 255 2489 VIRO
292 2443 697 2488 CLARISSIMO·
730 2445 949 2505 ATQVE
994 2445 1394 2490 DOCTISSIMO
1441 2444 1529 2486 IR-

232 2534 511 2580 MISCHIO
550 2535 631 2580 10.
671 2536 816 2580 AVG.
855 2536 1138 2582 ERNESTI
1175 2539 1220 2582 S.
1257 2539 1308 2582 P.
1348 2537 1410 2582 D.

225 2643 399 2697 Ignosce
443 2643 533 2685 seni
564 2642 822 2685 'aerumnoso
865 2659 886 2684 a
928 2647 1056 2685 nimia
1091 2649 1397 2702 occupatione,
1438 2661 1532 2685 cum
1610 2692 1614 2695 γ

109 2714 191 2743 tam
222 2716 314 2741 raro
351 2701 516 2749 scribit,
557 2702 799 2757 praesertim
831 2718 852 2743 a
885 2706 949 2744 Te
978 2703 1205 2745 consultus.
1284 2703 1535 2745 Admonitus

1350 2759 1365 2774 K
