1707 3029
406 131 830 178 IMPERATOEES
860 132 1095 178 NOTAE.
1329 132 1335 141 '
1382 144 1401 175 1
1416 144 1441 186 4
1457 145 1477 178 1

190 250 220 292 1,
237 260 270 290 1,
291 260 323 291 4.
366 245 498 295 ἐργων
517 245 688 294 famiam)
714 246 1090 294 comparathistoriam
1108 246 1205 283 suam
1227 258 1308 284 cum
1329 246 1488 285 aliorum

49 297 219 345 scriptis,
246 296 309 345 qui
342 298 514 333 minutias
533 297 638 333 fuere
660 297 802 337 seuati,
829 308 923 343 quos
951 296 1061 332 etiam
1083 295 1332 342 reprehendit.
1379 297 1487 334 Nihil

53 346 195 384 etenim
215 355 341 387 curet,
370 358 479 392 quam
499 346 523 382 fi
546 346 710 382 viliffima
731 358 898 393 quaeque
919 345 1091 386 sefietur,
1121 345 1205 386 ille,
1232 358 1343 394 quem
1372 346 1486 384 officii

54 394 392 432 rationeconuenit
410 395 538 432 altiora
561 396 754 443 indagare,
777 393 928 430 can-ibus
953 394 992 430 in
1013 407 1058 430 eo
1088 392 1234 435 similis,
1273 405 1390 433 terrae
1418 396 1485 444 qui

51 444 190 482 affiduo
212 442 318 479 adfixi
340 444 447 486 naso,
491 456 576 480 cum
606 443 711 479 instar
739 444 943 489 aquilarum
972 456 1036 489 per
1065 442 1303 491 negotiorum
1333 445 1488 482 deberet

50 495 178 529 volare
197 492 436 529 cellitudines.
483 494 679 540 Eleganter
693 492 958 528 Bodin.Meth.
980 492 1070 528 Hist.
1120 492 1172 527 Vt
1194 493 1404 528 Academici
1417 507 1486 539 ‚re-

46 554 130 579 rum
149 541 302 579 anilium
323 542 442 578 nullas
463 541 561 578 ideas
581 543 806 588 posuerunt,
831 541 882 577 ita
903 541 1077 578 futilibus
1105 539 1314 579 assionibus
1337 542 1486 580 historia

48 593 214 628 constare
233 603 309 626 non
340 591 463 627 debet.
1042 632 1049 635 ὃ

169 640 322 676 Lucian.
344 641 382 675 in
404 640 468 677 suo
492 638 538 675 de
559 638 705 675 historia
726 638 822 674 libro
841 638 936 674 hanc
953 651 1030 674 rem
1050 637 1350 688 infignideclarat
1363 638 1484 677 simili.

56 695 132 728 Eiet
157 691 264 730 τινες-ζ
288 687 386 727 aba*
404 687 555 733 μεγάλα,
581 699 672 723 caet.
725 689 812 724 Sunt
831 688 972 735 quidam
993 689 1053 736 qui
1071 701 1190 724 rerum
1205 689 1386 739 gestarum
1407 703 1486 726 ma-

48 740 166 775 ximas
182 747 217 774 et
235 734 401 773 memoria
421 735 635 787 digmffimm·
651 738 959 785 praetermittunt,
983 749 1047 773 aut
1063 742 1380 787 praeteream-unt,
1397 747 1487 788 prae

51 788 237 834 imperitia
257 796 395 828 autem,
422 797 486 822 aut
505 787 640 836 ineptia
658 797 693 822 et
716 787 944 835 ignorantia,
970 800 1043 822 cum
1063 800 1190 828 eorum,
1217 801 1305 835 quae
1322 790 1484 832 dicenda,

51 846 126 873 tum
145 849 232 884 quae
252 837 400 871 tacenda
418 835 499 884 sum
513 861 524 878 ,
553 849 609 871 res
626 836 788 871 minimas
806 837 985 871 admodum
1000 836 1141 885 prolixe
1161 847 1196 872 et
1216 838 1384 885 laboriose
1414 839 1486 873 im-

48 886 216 923 morando
234 884 502 933 persequuntur.
549 887 631 921 Non
648 886 759 921 aliter
776 885 865 930 acfi
877 885 953 932 quis
967 885 1059 921 louis
1071 886 1242 933 Olympici
1247 888 1488 934 pulchritudi-

49 947 127 970 nem
147 933 371 981 vniuersam,
421 947 511 982 quae
528 944 634 970 tanta
657 934 703 983 est
726 947 768 969 ac
787 935 896 976 talis,
920 947 980 970 nec
996 933 1141 976 videat,
1169 948 1230 970 nec
1252 936 1395 975 laudem
1427 950 1487 973 nc·-¹

49 996 116 1033 que
134 984 241 1019 etiam
260 984 306 1018 iis
321 1009 331 1025 ,
361 984 420 1032 qui
439 997 479 1019 ea
500 984 676 1032 nesciunt,
703 984 887 1031 quicquam
908 993 1058 1018 narret:
1081 982 1309 1032 fhdsubfi‘llii
1335 985 1484 1022 reHitu-

55 1035 196 1073 dinem,
221 1043 256 1068 et
281 1033 546 1078 expolitionem,
572 1043 605 1068 et
631 1034 794 1081 crepidae
811 1033 1084 1068 concinnitatem
1103 1035 1320 1075 admiretur,
1345 1045 1381 1070 et
1400 1036 1484 1072 haec

49 1084 159 1132 plane
187 1093 311 1130 magno
329 1080 447 1130 stud1‘o
474 1091 639 1130 exponat.
695 1083 835 1129 Magna
863 1082 985 1129 itaque
1008 1081 1136 1129 copiose
1163 1086 1365 1130 exponen-da
1382 1083 1485 1134 sunt,

46 1140 167 1180 parua
184 1141 305 1166 'autem
325 1141 359 1165 et
378 1131 490 1165 minus
518 1129 708 1177 necefflzria
733 1133 997 1179 percurrenda,
1041 1144 1084 1166 ne
1112 1131 1228 1166 dicam
1251 1135 1487 1180 praetermit-

55 1181 174 1215 tenda.
203 1181 308 1226 Qae
335 1181 449 1218 ratio,
479 1191 544 1215 cur
566 1180 673 1215 multi
697 1179 858 1215 historici
871 1180 1266 1217 aliorumincurrerint
1287 1183 1486 1228 reprehen-

49 1227 200 1265 fionem.
275 1229 379 1263 Dion
399 1226 472 1272 qsnbi
503 1227 670 1263 infensus
690 1229 867 1263 calamum
888 1227 1034 1263 videtur
1051 1241 1070 1262 a
1089 1240 1226 1264 conatu
1254 1231 1353 1266 velle
1370 1244 1486 1268 reuo-

50 1290 152 1318 care,
178 1279 323 1324 quando
342 1276 606 1322 conqueritur,
636 1277 671 1312 se
691 1278 944 1312 comminuere
962 1276 1180 1323 grauitatem
1198 1278 1400 1315 historicam
1418 1304 1429 1320 ,
1457 1280 1484 1318 fi

48 1326 280 1363 domesticam
302 1326 500 1360 Commodi
521 1327 756 1371 Imperatoris
773 1324 1080 1361 consuetudinem
1094 1326 1201 1362 latius
1213 1327 1381 1377 attingat.
1411 1330 1486 1364 Va-

47 1376 162 1411 lerius
182 1374 364 1410 Maximus
389 1374 577 1410 censuram
595 1374 753 1410 incurrit
773 1374 976 1422 Lampridii
997 1375 1037 1410 in
1048 1373 1123 1411 vita
1146 1377 1358 1418 Commodi,
1379 1379 1489 1424 quod-

46 1423 286 1460 minutiarum
310 1423 524 1471 imprudens
544 1424 662 1460 fuerit
683 1424 845 1460 sefiator.
895 1424 1084 1460 Sallustius
1107 1427 1272 1471 culpatur
1302 1440 1320 1462 a
1342 1427 1484 1465 Vistor.

45 1472 111 1509 lib.
132 1485 164 1507 2.
187 1483 259 1506 var.
279 1472 357 1508 le8t.
387 1484 417 1506 c.
439 1483 495 1519 23..
539 1473 643 1518 quod
669 1473 716 1508 de
743 1473 985 1509 Philenorum
1016 1473 1087 1510 aris
1115 1475 1483 1524 minutaquaedarn,

45 1521 148 1571 graui
170 1520 343 1557 historico
363 1521 537 1570 indigna,
563 1521 633 1558 suis
655 1522 896 1558 admiscuisset
920 1521 1088 1558 historiis.

181 1572 208 1613 Ι,
224 1581 301 1614 1,5.
361 1575 397 1606 Εἰ
423 1574 486 1613 ’γέν
513 1587 565 1613 τις
583 1569 777 1617 παραβέλοι
795 1567 908 1608 πάντα
934 1572 994 1609 τᾶν
1015 1571 1085 1608 αἰπὰ
1111 1575 1155 1609 τέ
1185 1575 1319 1619 sepas-3
1347 1573 1481 1621 χρόνον,

48 1618 87 1665 ἐξ
108 1615 189 1666 ἕπερ
209 1619 228 1661 ἦ
248 1619 412 1663 Ῥωμαίων
432 1623 584 1659 ὂυναιςείκ
594 1627 777 1664 μετέπεσεν
799 1627 844 1661 εἷς
863 1623 1071 1667 μοναρχίαν.)
1117 1622 1483 1671 Existumatscriptor

47 1669 167 1704 noster
186 1668 257 1704 hoc
279 1669 317 1704 in
336 1669 442 1710 loco,
504 1671 695 1716 imperium
727 1672 935 1706 Romanum
970 1671 1008 1706 in
1040 1672 1324 1708 Monarchicum
1348 1673 1484 1711 statum

47 1718 112 1754 sub
135 1718 298 1765 Augusto
318 1728 498 1754 mutatum
519 1718 642 1758 fuisl'c3
695 1731 810 1766 quum
831 1730 953 1755 tamen
986 1720 1220 1756 manifestum
1251 1720 1313 1763 fit,
1347 1723 1483 1770 populi

48 1767 206 1803 Romani
228 1767 433 1814 potentiam
450 1780 528 1804 non
549 1768 668 1804 solum
687 1769 906 1805 diminutam
926 1769 989 1805 sub
1017 1769 1113 1806 lulio
1142 1769 1315 1813 Caesare,
1352 1784 1482 1810 verum

50 1815 163 1852 eriam
187 1816 397 1856 *sublatam3
445 1829 525 1853 non
560 1828 706 1855 tantum
744 1817 840 1854 sacro
854 1843 866 1859 ‚
890 1830 1018 1855 verum
1054 1818 1164 1855 etiam
1201 1818 1302 1866 jure3
1353 1833 1484 1870 neque

50 1864 151 1900 enim
190 1865 251 1901 fibi
291 1866 398 1901 vllam
437 1866 630 1912 vsurpauit
655 1867 870 1914 potestatem
884 1892 894 1909 ‚
943 1879 1140 1913 antequam
1168 1869 1258 1904 haec
1295 1869 1328 1904 ei
1371 1871 1482 1907 sena-

50 1924 110 1950 tus
138 1913 287 1950 decreto
324 1914 412 1949 effet
437 1914 577 1956 delata,
625 1915 698 1952 fiue
725 1917 795 1951 hoc
821 1915 959 1952 faRum
987 1927 1108 1957 metu,
1153 1916 1227 1954 flue
1246 1920 1482 1959 voluntarie.

50 1962 166 2009 Qud
188 1975 273 1998 vero
293 1963 460 2010 legiones
491 1963 637 2001 senatus
662 1964 843 2001 sententia
875 1978 953 2001 non
981 1965 1185 2005 dimiserit,
1228 1967 1323 2003 nihil
1348 1966 1479 2017 juuat3

50 2024 131 2049 tum
151 2011 255 2059 quod
275 2011 405 2047 iniuste
431 2023 470 2047 et
487 2012 639 2049 subdole
660 2014 736 2049 illas
756 2014 924 2060 legiones
954 2013 1020 2060 ipfi
1048 2014 1221 2050 detraftas
1249 2017 1412 2059 vellent,
1439 2030 1479 2055 et

50 2060 190 2097 additas
210 2060 412 2105 Pompeio,
437 2060 500 2106 qui
523 2061 556 2096 ei
578 2062 854 2102 dominaretur,
879 2073 957 2098 tum
975 2062 1077 2110 quod
1099 2065 1298 2099 Senatores
1326 2065 1480 2112 quidam

49 2121 270 2157 cogerentur
290 2109 341 2145 ire
358 2107 397 2143 in
416 2109 634 2146 sententiam
655 2123 671 2146 a
692 2110 856 2156 Pompeii
881 2110 1004 2147 amicis
1025 2111 1157 2153 latam,
1200 2113 1336 2149 additis
1363 2115 1480 2153 etiam

45 2159 173 2196 minis.
221 2159 316 2194 Cum
335 2157 449 2205 igitur
468 2161 623 2194 Senarus
644 2159 823 2206 potiffima
844 2172 924 2205 pars
946 2159 1040 2195 adeo
1057 2161 1150 2195 male
1171 2160 1217 2196 de
1237 2162 1385 2199 Caesare
1396 2165 1481 2201 fue-

47 2220 104 2244 rat
134 2207 287 2246 merita‚
340 2216 382 2242 vt
408 2206 509 2243 ¹iuste
548 2208 825 2244 inclementiam
852 2209 953 2250 eius,
1008 2208 1071 2255 qui
1091 2209 1176 2244 alias
1204 2210 1243 2246 in
1274 2210 1479 2250 inimiciffi-

45 2268 128 2293 mos
147 2256 227 2292 satis
246 2254 432 2296 clemens,
461 2268 691 2298 metuerent,
718 2270 838 2293 nouos
856 2256 964 2293 finxit
984 2258 1142 2294 honores
1157 2283 1168 2299 ‚
1211 2272 1252 2294 ac
1282 2259 1479 2310 singulares

44 2305 77 2342 ei
98 2304 286 2344 decreuit;
310 2315 386 2351 quo
407 2304 486 2341 eius
514 2317 676 2351 captaret
702 2308 876 2355 gratiam,
921 2319 991 2354 qua
1020 2306 1188 2344 excidisse
1214 2307 1286 2345 sese
1312 2321 1479 2348 autuma-

44 2356 120 2392 bat’.
172 2356 299 2400 Itaque
320 2354 424 2389 Pater
445 2356 582 2390 Patriae
612 2355 686 2392 fuit
714 2357 938 2404 appellatus3
983 2357 1150 2392 Dictator
1177 2357 1212 2392 in
1236 2370 1480 2404 perpetuum:

7 2447 9 2451 v
46 2403 209 2440 Comitia
239 2403 279 2438 in
299 2402 357 2439 sua
386 2403 514 2440 habuit
542 2405 734 2451 potestate.
805 2407 913 2448 Quae
938 2405 1062 2442 omnia
1090 2404 1180 2453 quid
1211 2407 1307 2444 aliud
1329 2421 1479 2452 notant,

45 2464 153 2501 quam
175 2451 304 2499 populi
325 2453 582 2490 macritatem
601 2455 764 2491 tralatam
779 2454 815 2490 in
830 2454 1066 2502 Principem?
1083 2484 1087 2489 .
1115 2456 1293 2492 Senatum
1315 2458 1412 2494 solus
1430 2472 1478 2499 ex

45 2501 198 2538 arbitrio
219 2502 282 2537 suo
301 2512 338 2536 et
357 2502 592 2548 beneplacito
613 2502 830 2546 constituit,
867 2503 1026 2542 honores
1048 2517 1090 2539 ac
1117 2517 1267 2540 munera
1299 2507 1396 2543 solus
1426 2508 1477 2545 est

47 2549 245 2597 elargitus,
271 2550 363 2586 adeo
386 2552 546 2598 munna
572 2553 618 2588 de
636 2554 777 2588 ambitu
796 2553 877 2600 lege
895 2553 991 2589 foret
1011 2565 1119 2599 opus.
1150 2555 1246 2589 Cum
1265 2557 1476 2599 enimiante

47 2599 158 2636 ciuile
179 2599 316 2635 bellum
335 2609 459 2635 tantae
478 2599 591 2637 fuerit
610 2603 825 2649 potentiae,
862 2602 980 2638 multo
1000 2603 1112 2652 magis
1142 2603 1221 2649 post
1250 2602 1343 2640 illud
1362 2606 1474 2648 austa,

45 2659 126 2684 non
143 2647 324 2684 diminuta
348 2661 388 2683 ea
407 2648 576 2686 dicenda.
636 2653 696 2687 De
718 2652 866 2688 Caesare
893 2664 1014 2687 autem
1034 2678 1044 2694 ‚
1100 2664 1182 2687 cum
1209 2652 1250 2688 in
1282 2654 1475 2692 consulatu

46 2697 224 2751 collegam
242 2692 393 2733 haberet
423 2696 593 2736 Bibulum
624 2702 742 2748 (quod
754 2712 839 2736 ante
860 2700 998 2736 bellum
1018 2701 1143 2745 ciuile)
1168 2701 1239 2736 hoc
1257 2714 1379 2739 narrat
1390 2706 1480 2740 Sue-

47 2754 188 2784 tomus:
233 2748 327 2787 Vnus
343 2759 389 2786 ex
407 2759 444 2785 eo
463 2756 617 2799 tempore
633 2751 749 2788 omnia
777 2752 815 2787 in
841 2750 1050 2800 Republica,
1074 2752 1126 2788 ad
1147 2751 1342 2791 arbitrium
1361 2754 1475 2792 admi-
