1707 3029
527 119 831 166 LIBER
913 120 1014 165 vn.
1382 122 1490 174 '123

61 237 133 277 anfi
155 236 210 275 illi
231 235 358 286 ignota
376 233 540 272 aedificia
562 236 705 277 subire,
747 233 871 271 clausis
910 234 1019 272 etiam
1059 233 1229 272 domibus
1247 236 1293 272 'et
1322 234 1495 278 tabernis,
1517 242 1558 279 13

62 278 190 336 ignem
211 286 328 323 ianuis
349 285 540 332 ac'ligneis
559 283 809 322 aedificiorum
822 283 1050 330 proiesturis.
1075 283 1219 331 (quales
1238 283 1278 321 in
1301 286 1389 322 vrbe
1411 286 1496 331 plu·

64 338 179 373 rimae
197 335 300 378 sunt)
337 334 436 370 illico
458 335 713 370 admouerunr.
765 336 850 381 Qo
868 332 1004 369 fastum
1028 331 1097 373 est,
1133 344 1172 369 vt
1200 334 1334 380 partim
1361 335 1496 369 crebri·
1518 341 1562 375 14

63 396 140 421 tate
159 389 191 431 o)
220 383 447 424 insularum„
468 384 598 430 partim
627 384 746 430 lignea
770 382 932 424 materia,
958 383 996 429 p)
1020 383 1115 417 bona
1138 394 1219 428 pars
1237 383 1336 418 vrbis
1356 383 1497 418 confla-

64 432 245 484 grauerit:
273 433 456 479 multique
478 445 521 469 ex
546 431 734 478 opulentis
756 444 932 478 pauperes
953 430 1036 466 fasti
1053 455 1063 471 ,
1087 429 1254 467 maximis
1275 443 1384 476 atque
1397 444 1500 480 egre-

64 482 134 539 giis
161 482 288 518 amiffis
316 480 614 528 poss'effionibuS,
642 481 698 516 vel
730 491 913 527 prouentu
947 480 1161 520 vberrimis,
1206 481 1264 517 vel
1301 481 1499 528 splendore

64 531 148 578 rpl'o
169 542 208 576 et
227 531 402 566 varietate
422 529 602 576 pretiosis.
630 529 764 576 Neque
783 542 870 566 vero
887 529 990 574 pauci
1010 529 1160 565 extinfli
1187 529 1373 572 mortales,
1396 529 1499 578 quod
1520 539 1563 574 ις

3 604 5 606 -
62 579 194 625 ianuis}
215 581 299 628 igne
327 579 539 626 occupem,
591 579 847 625 proripere
872 578 912 613 se‘
935 579 1046 614 domo
1083 578 1221 625 copia
1257 591 1334 614 non
1366 580 1499 615 fuerat.

63 631 241 677 Bonaque
269 627 428 664 diuitum
459 628 603 675 direpta
636 628 804 674 penitus,
852 627 1158 664 immiscente
1185 628 1220 663 se
1248 627 1501 664 militibus
1524 630 1567 662 16

65 677 186 714 studio
211 676 376 724 rapiendi
400 677 699 713 facinorosissimo
719 689 890 724 quoque,
920 688 956 713 et
976 677 1081 712 tenui
1105 677 1310 722 plebecula.
1362 680 1401 726 q)
1430 676 1502 712 Sed
1525 687 1567 723 17

66 728 161 763 adeo
184 737 421 773 pei-uagatum
445 727 557 776 longe
578 727 725 774 lateque
746 726 962 762 incendium
986 725 1053 767 est,
1093 736 1134 760 vt
1167 727 1248 772 plus
1269 724 1386 762 multo
1410 739 1504 762 con-

67 775 263 821 sumpserit
285 787 391 821 quam
414 787 592 823 quantum
612 775 717 822 spatii
741 775 894 811 maxima
927 786 1097 821 quaeque
1125 775 1209 810 vrbs
1239 774 1415 811 aedificiis
1439 787 1504 811 oc-

66 835 189 871 cupet.
239 825 340 860 Dum
357 824 446 861 haec
465 826 600 862 Romae
623 835 821 872 geruntur,
850 826 987 860 interea
1003 823 1226 861 Maximinus
1247 823 1420 860 confefio
1442 825 1503 862 iti-
1525 832 1568 866 18

67 873 315 916 nereltaliam
336 874 526 920 attigerat,
559 886 599 909 ac
626 872 824 910 sacrificato
851 874 895 908 ad
929 885 1024 914 aras,
1061 884 1155 920 quae
1182 872 1220 909 in
1253 872 1390 911 finibus
1420 874 1504 920 ipfis
1525 885 1570 918 19

67 920 334 963 ereRae'su'nt,
372 924 492 969 pergit
521 923 589 960 iter
617 921 756 958 facere:
795 923 892 959 iuffis
925 935 1020 958 arma
1042 933 1169 958 tenere
1198 934 1308 970 atque
1335 922 1504 959 instrusta

68 971 147 1017 acie
170 971 340 1018 progredi
365 971 557 1017 militibus.
585 971 654 1007 Sed
675 982 789 1018 quum
801 983 839 1007 et
861 970 1007 1007 Africae
1019 971 1288 1013 defefflonem‚
1318 984 1355 1008 ct
1366 973 1505 1009 Romae
1524 982 1570 1011 20

68 1019 211 1058 bellum
234 1019 364 1061 ciuile,
393 1032 651 1068 praetereaque
671 1033 726 1056 res
751 1034 768 1056 a
786 1021 994 1058 Maximino
1014 1020 1123 1068 gestas
1145 1019 1294 1070 iterque
1318 1021 1399 1059 eius
1420 1023 1507 1058 hac-

75 1072 188 1107 tenus
215 1067 557 1118 conscripserimus:
584 1069 726 1117 reliqua
746 1070 919 1118 deinceps
941 1070 1234 1117 explicabuntur.

367 1196 698 1243 LIBER
767 1195 1254 1244 OCTAVVS.

765 1311 794 1348 1.

11 1453 26 1467 .-
163 1423 260 1463 UAE
284 1422 362 1471 post
386 1423 584 1462 interitum
617 1424 799 1462 Gordiani
818 1424 977 1474 >gesserit
1006 1423 1256 1467 Maximinus,
1300 1426 1337 1470 r)
1361 1425 1510 1474 iterque

193 1473 269 1514 eius
294 1473 332 1509 in
354 1473 518 1514 ltaliam,
547 1486 808 1522 praetereaque
828 1474 974 1512 Africae
994 1473 1241 1511 defeffionem
1255 1499 1266 1515 ‚
1292 1487 1331 1511 et
1353 1476 1389 1511 in
1421 1477 1510 1512 vrbe

69 1519 143 1565 ipsa
170 1522 300 1568 populi
323 1534 364 1558 ac
384 1523 547 1560 militum
567 1523 796 1564 seditiones,
819 1524 1008 1571 superiore
1029 1523 1220 1560 volumine
1247 1524 1514 1562 recensuimus,

71 1568 281 1606 Enimuero>
293 1571 548 1614 Maximinus,
578 1572 814 1620 posteaquam
836 1578 879 1609 ad
903 1571 1030 1610 Italiae
1059 1571 1152 1609 fines
1184 1572 1381 1619 peruenit,
1410 1587 1510 1621 prae·
1527 1581 1550 1606 2

72 1618 178 1656 miffis
195 1621 503 1666 exploratoribus,
532 1621 596 1668 qui
617 1622 906 1667 specularentur,
928 1635 973 1658 an
996 1621 1090 1658 vllae
1113 1622 1314 1669 inAlpirlm
1327 1622 1509 1659 conualli-

71 1667 140 1722 bus
162 1680 201 1705 et
218 1668 426 1707 denfiffimis
447 1670 556 1713 svluis
576 1671 724 1707 infidiae
746 1671 1028 1711 delitescerent,
1053 1671 1149 1718 ipse,
1174 1673 1212 1708 in
1227 1673 1375 1718 planum
1398 1672 1510 1708 dedu·
1529 1677 1549 1714 3

70 1715 138 1754 §hs
181 1717 387 1761 militibus,
438 1719 543 1756 iubet
577 1731 802 1757 armatorum
838 1721 933 1756 acies
951 1722 1130 1767 quadrato
1163 1721 1309 1770 agmine
1358 1721 1511 1757 incede-

73 1775 136 1808 ιε’,
163 1769 194 1815 s)
220 1769 258 1803 in
275 1769 413 1817 longum
432 1770 617 1815 pom-efflas
634 1771 751 1818 potius
770 1784 873 1819 quam
895 1766 1102 1817 confertas:
1131 1772 1164 1816 t)
1193 1783 1236 1807 vt
1255 1771 1299 1806 ab
1323 1769 1368 1806 iis
1385 1782 1522 1819 quam2

72 1814 271 1860 plurimum
289 1816 407 1864 cam'pi
429 1830 686 1865 occuparetur:
715 1821 929 1866 cunstisque‘
951 1821 990 1855 in
1014 1818 1178 1855 medium
1196 1818 1330 1856 eoaffls
1354 1819 1510 1866 impedi·
1528 1830 1553 1864 4

73 1864 229 1906 mentis,
253 1867 482 1914 iumentisque
509 1877 546 1903 et
570 1869 758 1911 vehiculis,
805 1868 880 1916 ipse
909 1881 995 1905 curn
1024 1867 1096 1904 suis
1125 1868 1361 1916 stipatoribus
1392 1867 1512 1904 veluti

74 1912 231 1950 subsidio
256 1914 500 1961 sequebatur:
546 1917 610 1953 alis
647 1916 824 1964 vtrinque
869 1917 1156 1954 discurrentibus
1196 1917 1511 1964 cataphractorum
1530 1927 1552 1962 ς

77 1962 260 2008 equitum,
284 1965 796 2012 Maurisqueiaculatoribus,
823 1966 1091 2014 sagittariisque
1102 1980 1144 2012 ex
1164 1967 1334 2007 orientet
1361 1979 1398 2003 et
1410 1966 1514 2015 equi-
1531 1968 1554 2002 6

75 2021 156 2048 tatu
170 2013 463 2053 Germanorum,
488 2026 582 2061 quos
607 2013 797 2051 auxiliares
817 2015 1034 2057 adsciuerat,
1056 2027 1225 2064 quosque
1240 2015 1353 2052 etiam
1373 2016 1516 2063 praeci-

91 2124 94 2130 ⁴
128 2127 173 2173 o)
220 2127 418 2165 domorum
484 2130 772 2171 coniunffarum
822 2129 923 2167 tibus
945 2129 1117 2185 aduersus
1139 2129 1345 2177 populum,
1381 2128 1518 2167 discor.

77 2180 172 2220 quae
201 2175 380 2219 differunt
400 2179 443 2216 ab
465 2178 596 2215 insulis
611 2179 770 2216 vrbanis.
823 2179 919 2216 diam
935 2205 945 2220 ,
978 2181 1080 2226 supra
1111 2178 1494 2216 commemorauimus.

35 2273 45 2281 Ι
79 2224 222 2261 Memm.
871 2230 903 2273 s)
927 2228 1175 2275 longitudinis
1192 2241 1347 2265 numero
1370 2229 1519 2272 maiore,

96 2279 160 2324 Ap)
188 2276 343 2312 maxima
363 2288 399 2324 p.
439 2277 584 2314 Memm.

96 2326 164 2373 *qJ
187 2325 348 2362 Tantam
374 2338 487 2373 porro
510 2325 609 2362 vrbis
630 2335 774 2374 partem

80 2371 178 2429 ignis
198 2374 443 2422 depopulatus
463 2374 532 2417 est,
561 2386 601 2410 vt
625 2388 673 2411 ne
701 2387 776 2410 ma-

81 2422 260 2460 ximarum
280 2423 429 2471 quidem
454 2425 602 2460 vrbiuin
616 2425 700 2466 vlla,
722 2424 776 2459 in-

82 2474 184 2518 tegra
216 2473 276 2508 sua
305 2473 565 2522 magnitudine
598 2474 649 2510 illi
679 2472 776 2522 parti

85 2521 277 2569 exaequari
306 2523 444 2570 poffet,
474 2525 541 2560 Gr.
565 2524 656 2572 sylb.

133 2572 172 2616 r)
197 2571 277 2608 eius
304 2583 376 2619 que
402 2572 441 2608 in
469 2573 610 2609 ltaliam
638 2573 776 2609 aduen-

82 2628 184 2668 tum,
212 2620 399 2670 etLibyae
419 2621 687 2665 defestionem,
709 2634 779 2657 nec

83 2673 163 2703 non
193 2682 297 2713 eam,
324 2683 419 2720 quae
438 2672 573 2713 Rornae
593 2671 666 2711 fuit
686 2671 780 2709 mili-

825 2289 933 2327 quam
954 2277 1184 2320 altitudinis,
1215 2279 1356 2314 Memmi
1468 2316 1471 2319 .

871 2330 905 2370 t)
935 2325 1002 2362 His
1026 2327 1146 2364 verbis
1165 2352 1175 2368 ‚
1199 2338 1243 2363 vt
1269 2338 1308 2355 -·-
1335 2334 1521 2374 occupare·

826 2387 911 2417 tur,
935 2376 1029 2412 ratio
1050 2375 1215 2413 redditur
1244 2388 1324 2412 non
1345 2388 1409 2412 cur
1431 2386 1521 2423 qua-

826 2427 933 2462 drato
954 2425 1100 2475 agmine
1128 2424 1205 2461 suas
1234 2425 1330 2462 acies
1350 2424 1410 2461 seu
1434 2427 1523 2472 pha·
1577 2456 1582 2459 .

826 2476 975 2523 langes,
1001 2475 1201 2511 retinendo
1224 2473 1427 2511 Herodiani
1452 2485 1523 2510 vo-

827 2536 932 2565 cem,
957 2524 1071 2561 vellet
1090 2523 1289 2565 incedere,
1309 2522 1369 2560 sed
1392 2535 1457 2560 cur
1479 2522 1523 2562 in

830 2574 984 2621 longum
1009 2573 1193 2621 porreEtas
1226 2573 1372 2621 potius,
1412 2583 1524 2620 quam

831 2623 1017 2660 confertas
1035 2649 1046 2666 ,
1067 2622 1128 2660 seu
1150 2623 1366 2670 profundas,
1387 2632 1428 2656 vt
1439 2632 1525 2668 pro-

830 2672 909 2722 prie
926 2669 1032 2710 sonat
1050 2685 1122 2710 vox
1143 2674 1294 2711 Graeca.
1338 2671 1456 2723 Steph-
