1707 3029
256 125 350 171 DE
385 126 810 174 EDITIONIBVS
847 129 1233 175 HERODIANI.
1354 142 1447 190 337

97 253 99 257 '
153 248 237 304 geli
271 249 495 300 Pontiani,
540 264 645 304 quae
675 250 894 289 Bononiae
930 260 1050 304 1493.
1079 247 1154 290 fol.
1183 252 1362 305 primum
1388 253 1452 292 lu-

154 320 242 345 cem
261 306 419 345 viderat
433 335 443 348 ,
1177 341 1183 345 .

153 379 245 402 cum
276 363 419 401 eadem
450 362 651 402 Politiani
681 360 1023 417 interpretatione
1045 363 1345 420 aliquantisper
1367 383 1454 407 mu.

150 431 234 460 tata
268 435 287 458 a
313 420 550 471 Stephane,
596 421 666 473 qui
693 422 1002 460 emendationes
1023 431 1146 475 atque
1169 424 1450 476 expolitiones

151 476 337 524 addidit,
379 477 490 516 idem
519 491 601 531 que
638 477 787 516 Zosimi
809 479 862 519 L.
884 479 937 520 II.
960 478 1114 532 primus
1139 479 1338 534 vulgauit.
1375 484 1451 521 Pa-

149 533 214 573 ri[
229 540 362 587 1581.
385 550 424 586 4.

151 606 243 629 curn
265 592 319 630 H.
334 591 536 644 Stephani
557 593 679 638 notis,
707 591 822 630 Erici
842 591 1056 642 Memmii,
1083 603 1124 638 et
1145 592 1268 631 Andr.
1286 594 1452 635 Schotti

89 689 97 696 Ι
150 648 514 688 emendationibus
531 678 541 695 ‚
589 649 697 686 notis
728 663 808 701 que
846 650 911 687 Fr.
953 647 1189 702 Sylburgii‚
1245 651 1290 689 in
1333 663 1448 693 tomo

151 705 363 758 Sylburgii
385 706 508 744 tertio
533 704 775 757 scriptorum
797 704 988 744 historiae
1012 702 1294 752 Rormminor,
1321 711 1450 749 Fran·

151 764 233 803 cof.
260 776 310 799 ex
333 760 496 800 officina
518 761 710 800 WVechel.
738 772 856 813 1590.
880 762 953 800 fol.

150 819 376 858 Commoda
412 818 466 857 est
499 819 654 865 editio,
711 820 916 872 capitibus
951 817 1160 865 distincta,
1208 835 1299 859 cum
1337 824 1450 863 uotis

149 885 236 914 tum
260 871 425 920 criticis,
458 887 543 913 tum
568 877 610 913 in
632 876 775 928 primis
802 875 1003 922 historicis
1022 878 1082 917 IO.
1105 877 1236 918 Henr.
1256 879 1449 919 Boecleri

147 934 322 986 Argent.
351 938 465 983 1644.
489 940 527 981 8.
564 932 689 971 recus.
716 937 835 976 1662.
858 944 896 971 et
923 935 1037 982 1672.
1061 939 1100 982 8.
1144 935 1295 988 quibus
1319 936 1450 989 poste.

136 989 330 1039 >rioribus
362 989 453 1028 edd.
488 990 646 1027 accessit
676 990 809 1027 Index
832 1004 1001 1043 graecus
1020 990 1158 1032 Balth.
1177 991 1364 1031 Scheidii
1382 1009 1448 1034 co·

145 1047 403 1100 piofissinius,
434 1047 475 1083 in
498 1061 580 1098 quo
604 1047 728 1084 etiam
751 1045 801 1085 de
820 1048 1019 1086 varietate
1042 1058 1083 1086 et
1110 1049 1281 1088 veritate
1303 1050 1448 1091 lectio-

145 1106 211 1141 nis
233 1104 440 1141 interdum
465 1103 709 1156 disputatur.

146 1158 243 1197 libri
272 1161 384 1202 VIII.
418 1161 620 1213 recogniti
652 1170 691 1198 et
714 1157 926 1206 illustrati,
961 1160 1155 1199 oxoniae
1177 1167 1294 1213 1699,
1322 1174 1363 1213 8.
1383 1180 1443 1220 gr,

148 1227 187 1255 et
205 1216 274 1255 lat.
324 1217 467 1255 Editio
490 1216 705 1268 Stephani,
735 1216 852 1253 cuius
875 1230 1040 1269 quoque
1063 1219 1377 1260 emendationes
1399 1223 1445 1261 in

145 1284 304 1312 textum
338 1285 525 1325 receptae
555 1272 674 1319 sunt,
720 1270 775 1310 est
808 1271 975 1312 fundus.
1037 1276 1195 1313 Textui
1224 1275 1445 1319 substratae

144 1330 241 1368 sunt
273 1341 394 1368 notae
429 1330 574 1376 bueues
616 1328 843 1381 Stephani.
893 1330 1112 1379 Memmii,
1160 1332 1374 1389 Sylburgii
1404 1347 1446 1376 et

145 1387 339 1436 editoris,
379 1387 449 1439 qui
472 1388 696 1439 praecipue
719 1386 1010 1425 Herodianum
1044 1402 1135 1427 cum
1157 1389 1250 1429 aliis
1272 1391 1443 1446 scripto-

140 1443 253 1481 ribus
274 1442 477 1497 historicis
499 1443 690 1482 contulit.

86 1516 146 1557 gr.
168 1511 208 1539 et
228 1500 296 1540 lat.
319 1515 392 1553 per
412 1500 506 1542 Iob.
526 1501 731 1538 Patonum
746 1529 756 1546 ‚
783 1500 938 1539 Edinb.
964 1512 1079 1556 1724.
1102 1513 1144 1552 3,

141 1558 306 1597 Nouam
329 1557 557 1596 editionem
589 1572 679 1595 curn
702 1557 890 1612 Ber-gleri
913 1559 1259 1614 interpretatione
1279 1574 1442 1617 paratu-

139 1630 208 1652 rus
245 1624 330 1653 erat
361 1616 395 1660 I.
429 1615 540 1655 Frid.
572 1616 826 1660 Leisnerus‚
871 1626 911 1654 at
939 1615 1011 1655 illo
1049 1620 1162 1668 1767.
1196 1620 1293 1659 fatis
1316 1623 1441 1661 inter-

139 1682 287 1725 cepto,
336 1664 581 1725 'Ii-mischius
620 1672 668 1709 V.
704 1671 766 1713 Cl.
807 1671 983 1711 Scholae
1026 1674 1252 1715 Plauianae
1287 1691 1439 1728 rector,

140 1743 233 1767 cura
256 1729 490 1767 Herodiani
514 1727 724 1781 suscepta,
759 1743 911 1767 nouam
933 1731 1212 1771 recensionem
1238 1733 1440 1787 instituet,

141 1797 266 1839 atque
286 1785 500 1824 meliorem
522 1785 637 1824 dabit
658 1795 701 1824 et
721 1796 962 1825 contextum
986 1798 1025 1827 et
1047 1792 1406 1831 commentarium.
1469 1808 1472 1810 ’

11 1841 242 1883 ἨὶΓῙοιίε-ἰε
274 1843 456 1895 optimae
486 1852 608 1880 notae
638 1842 918 1881 adcensendus
948 1843 1003 1882 est
1033 1846 1328 1896 Herodianus,
1365 1851 1438 1902 qui

22 1900 149 1939 fidem
172 1901 214 1936 in
238 1900 379 1951 primis
402 1909 442 1937 et
460 1898 696 1937 libertatem
719 1900 917 1941 retinuit:
959 1901 1002 1939 in
1031 1902 1270 1942 Alexandro
1295 1915 1437 1946 tamen

25 1967 67 1996 et
89 1956 325 1995 Maximino
350 1954 451 1993 fides
482 1954 674 1993 vacillare
701 1955 866 1993 videtur
895 1958 1075 2005 criticis,
1117 1961 1189 2013 qui
1223 1975 1438 2013 praeterea

23 2013 331 2066 diligentiorem
364 2021 597 2063 ternpomm
628 2013 885 2050 notationem
921 2014 963 2050 in
996 2028 1045 2053 eo
1076 2015 1321 2057 defiderant.
1379 2043 1437 2052 —

22 2070 228 2108 Dictione
249 2069 378 2106 vritur
399 2067 504 2106 clara
519 2096 529 2114 ‚
573 2067 787 2120 perspicua
821 2078 861 2107 et
891 2069 1071 2109 iucunda
1086 2103 1097 2120 ,
1137 2087 1214 2112 nec
1236 2073 1437 2130 eloquen-

23 2127 108 2165 tiae
139 2131 249 2164 caret
278 2123 494 2170 laudibus,
535 2125 758 2177 praecipue
789 2126 832 2163 in
863 2126 1160 2178 concionibus,
1197 2144 1298 2184 quas
1320 2148 1434 2174 more

21 2181 197 2221 aliorum
220 2180 505 2220 historicorum
527 2180 769 2231 immiscuit,
798 2192 839 2221 et
861 2197 965 2236 quae
989 2183 1038 2222 ab
1060 2184 1288 2233 breuitate,
1339 2204 1434 2230 acu.

20 2241 132 2278 mine
151 2249 193 2277 et
210 2237 506 2278 sententiarum
531 2238 732 2292 grauitate
753 2239 1105 2284 commendantur.
1164 2245 1302 2299 Atque
1325 2247 1431 2287 Boe.

19 2295 114 2335 cler.
135 2297 177 2334 in
198 2296 371 2350 praefat.
394 2295 442 2334 ad
466 2294 579 2333 suain
601 2294 851 2340 editionem,
889 2297 1096 2336 Schirach.
1126 2299 1198 2339 alii
1230 2317 1310 2356 que
1334 2319 1432 2344 eum

15 2353 156 2393 Dioni
181 2353 315 2392 Caffio
336 2353 590 2406 praeferunt.
637 2375 694 2383 -·-
737 2354 817 2391 Pro
842 2353 1222 2397 Herodian02dixit
1240 2370 1280 2398 et
1299 2359 1432 2414 speci·

17 2424 115 2450 men
131 2409 258 2460 'dedit
280 2409 476 2449 versionis
504 2410 798 2464 Berglerianae
821 2411 851 2451 I.
872 2410 982 2451 Frid.
1003 2412 1184 2452 Leisner
1203 2415 1246 2454 in
1272 2417 1427 2469 prolus,

19 2466 71 2506 de
91 2462 249 2506 Herod.
271 2477 347 2506 etc.
375 2490 431 2497 -—
463 2467 646 2505 Zanetus
668 2477 709 2506 et
729 2464 1032 2521 Bongiouanus
1053 2469 1094 2508 in
1119 2471 1254 2512 indice
1279 2473 1428 2513 biblio.

18 2523 166 2564 thecae
207 2538 375 2578 graecae
415 2524 454 2565 S..
492 2524 655 2569 Marci,
703 2525 853 2566 venet.
894 2537 1010 2579 1740.
1040 2526 1114 2569 fol.
1157 2529 1428 2572 contulerunt

17 2580 135 2621 codd.
167 2582 272 2625 Mss,
302 2595 394 2620 cum
425 2580 489 2621 ed.
523 2580 726 2634 Stephani
748 2595 879 2634 Vsque
902 2582 951 2620 ad
974 2581 1190 2622 dimidium
1216 2601 1302 2639 cap.
1325 2588 1426 2628 XII.

14 2635 88 2679 lib.
118 2639 192 2678 IV.
221 2647 346 2691 atque
375 2637 624 2691 farraginem
657 2638 858 2676 variarum
880 2637 1107 2678 lectionum
1127 2640 1224 2680 satis
1247 2645 1425 2695 amplam

0 2689 310 2745 effexhibuerunt.
355 2724 359 2727 -
377 2694 465 2733 Has
485 2693 560 2732 sub
583 2707 758 2734 examen
779 2695 972 2745 vomuit,
1017 2707 1143 2752 atque
1163 2699 1266 2738 alias
1288 2699 1423 2741 obser-
