1707 3029
501 75 814 123 LIBER

907 77 928 121 I
958 78 1017 123 V,
1409 90 1474 141 ’ῖς

68 191 281 231 Alexandro
315 189 563 232 construam,
593 189 698 228 fimul
724 190 947 229 consulendi
977 190 1087 239 patrii
1116 190 1267 230 illorum
1296 192 1477 236 miminis,

68 242 170 298 quod
193 241 342 290 egregie
371 241 515 277 mcolae
538 253 777 278 venerantur.

838 244 893 278 Ac
909 241 1083 278 simu-lans
1100 240 1189 277 haec
1209 242 1307 285 duo,
1339 242 1381 279 in
1404 242 1479 290 pri-
1497 251 1545 284 ¹7

69 291 139 328 mis
159 291 382 340 religionem
402 289 458 325 dei
480 300 520 326 et
540 288 665 326 herois
685 289 898 326 memor-hm
911 313 922 331 ,
950 290 1055 326 iubet
1072 289 1310 327 hecatombas
1328 303 1478 340 compa-

69 352 161 382 1211,
190 352 230 375 ac
253 339 532 386 parentathl'leS
550 351 665 374 omne
686 351 814 387 genus-

875 340 990 382 Quod
1009 350 1051 376 vt
1072 337 1232 386 primum
1252 340 1302 376 est
1320 342 1478 379 Alexan,
1498 344 1544 379 18

70 389 201 427 drinae
221 387 458 424 multitudini
477 389 714 428 nuntiatum,
741 387 938 425 leuiffimae
956 388 1084 435 suapte
1104 399 1234 425 natura
1270 390 1311 437 q)
1334 400 1374 426 et
1394 401 1478 426 om-

70 437 182 475 nibus
217 437 423 474 momentis
453 436 658 492 expolitae,
691 437 849 473 studium
882 437 1263 485 beneuolentiamque
1294 437 1481 495 principis

70 499 228 528 omnes,
259 486 356 534 quaa
377 484 584 522 animorum
606 482 767 533 impotes
790 486 1032 533 accipiebant.

69 537 209 572 endum
224 536 329 572 illurn
351 536 388 572 se
402 535 677 582 comparabant,
699 547 841 580 quanto
861 547 1055 583 nunquam
1075 547 1183 571 antea
1203 535 1349 575 honorae
1368 537 1481 573 vllum

69 586 319 631 imperatorem
339 585 500 630 excipere
521 585 808 621 consueuerant.
839 585 978 632 quippe
994 582 1189 621 omnifaria
1209 584 1297 621 mus
1288 597 1341 622 ca
1351 584 1483 622 instru-

67 645 197 671 menta
215 632 385 678 disposita
408 633 544 680 vbique
563 634 702 669 varium
724 635 886 670 edebant
906 633 1093 674 sonitumt
1130 643 1321 681 praeterea
1335 646 1483 670 aroma.

68 694 152 719 tum
169 695 210 718 ac
229 682 521 719 suffimentorum
543 695 657 729 vapor
668 695 781 719 omne
799 695 917 731 genus
938 682 1059 719 aditus
1079 682 1230 720 cunctos
1248 683 1403 729 optimis
1422 696 1482 720 re-

66 732 197 780 plebat
215 732 414 768 odoribus:
441 733 474 776 s)
496 732 616 767 taedis
639 743 824 787 praeterea
847 742 886 767 et
905 731 1041 768 florum
1062 731 1310 787 sparsionibus
1325 733 1482 780 impera-

70 790 183 817 torem
203 781 452 817 honorabant.

504 781 577 817 Sed
598 781 690 818 vbi
680 794 720 817 m
741 783 866 818 vrbem
887 781 957 816 iam
972 780 1158 827 peruenit,
1182 781 1303 828 primo
1325 782 1480 830 quidem
1499 793 1550 819 20

7 842 11 843 ⁷
69 829 249 876 templum
271 829 447 878 ingressus
468 829 543 871 est,
564 830 768 878 multisque
788 830 946 866 viffimis
965 830 1193 872 immolatis,
1223 843 1263 865 ac
1285 830 1397 867 thure
1418 843 1480 869 cu-

68 878 216 919 mulatis
235 860 432 917 altaribus,
461 878 509 913 ad
528 879 728 916 Alexandri
747 879 1023 916 monimentum
1043 879 1081 916 se
1101 879 1287 915 contulit:

69 938 315 975 mentumque
329 939 569 974 purpureum,
593 939 633 964 et
654 929 758 965 claris
779 928 1063 977 speciolisquet,
1042 927 1197 965 uemmis
1215 929 1374 965 annulos
1386 941 1480 965 con-

69 975 241 1023 spicuos,
269 977 509 1020 balteumque
532 988 571 1013 et
591 976 615 1012 fi
638 989 708 1024 qua
729 978 798 1015 alia
818 978 977 1027 gestabat
998 959 1244 1028 elegantiora,
1265 977 1419 1028 dempta
1437 975 1483 1015 fi·

69 1024 135 1069 bi,
160 1036 241 1063 tum
263 1025 365 1063 illius
384 1026 564 1074 imposuit
581 1027 742 1064 tumulo.

741 1144 804 1181 IX.

69 1208 205 1274 Haec
223 1220 420 1246 cernentes
439 1207 704 1250 Alexandrini,
742 1207 830 1245 laeti
849 1208 953 1255 supra
973 1207 1153 1251 modum,
1190 1207 1365 1244 nostibus
1386 1206 1486 1246 totle

167 1271 207 1294 ac
228 1257 359 1294 diebus
378 1257 509 1294 festum
526 1257 781 1294 celebrabant:
808 1257 925 1313 ignari
950 1258 1040 1304 quid
1067 1257 1164 1293 intra
1184 1259 1387 1293 vlceratum
1413 1269 1484 1304 pe·

70 1308 148 1344 &us
169 1306 366 1353 imperator
388 1309 589 1344 occuleret.

68 1405 118 1442 tis
138 1405 216 1440 odii
237 1405 337 1442 causa
359 1405 442 1441 tatis
460 1418 549 1442 emt.

651 1308 756 1344 Haec
780 1308 879 1342 enim
903 1307 1027 1343 omnia
1048 1319 1155 1353 perr
1132 1305 1405 1343 simulationem
1426 1304 1481 1342 fa-
1497 1320 1524 1344 2

69 1357 201 1397 ciebat,
229 1366 271 1391 vt
289 1357 497 1393 uniuersam
519 1357 668 1392 illorum
690 1356 974 1392 multitudinem
995 1356 1288 1392 contrucidaret.

601 1406 831 1442 Nuntiatum
855 1404 889 1442 ei
913 1405 1039 1442 fuerat
1060 1406 1199 1441 Romae
1223 1404 1362 1452 agenti,
1389 1405 1481 1441 viuo

1343 1357 1480 1391 Laten-
1499 1366 1521 1405 3

67 1454 188 1490 adhue
213 1455 245 1498 t)
264 1464 389 1500 patre,
429 1467 541 1500 atque
559 1455 650 1491 item
675 1454 754 1502 post
775 1455 964 1496 extinfto,
999 1455 1115 1491 multa
1145 1455 1184 1490 in
1215 1453 1340 1501 ipsum
1356 1453 1483 1490 dicere

66 1502 354 1541 Alexandrinos.

406 1505 503 1540 Sunt
522 1505 623 1541 enim
641 1503 815 1540 homines
847 1504 976 1551 suapte
1005 1514 1133 1540 natura
1156 1503 1324 1558 dicaces3
1367 1514 1480 1558 atque
1497 1518 1520 1553 4

68 1552 113 1588 ad
137 1553 419 1589 describendum
447 1553 758 1608 illudendumque
782 1553 938 1589 maxime
959 1553 1068 1589 fac'ti.
1102 1553 1277 1589 intrantes
1309 1552 1349 1587 in
1376 1551 1480 1600 opti-

67 1614 172 1638 mum
195 1614 383 1649 quemque
403 1614 443 1638 et
459 1601 753 1657 potentiffinmum
776 1603 927 1639 disteria
950 1601 1144 1650 quaedam,
1179 1612 1221 1638 ut
1239 1601 1394 1649 quidem
1416 1600 1483 1649 ipfi

68 1661 215 1699 putant,
242 1651 391 1687 festina:
418 1663 460 1688 vt
480 1662 602 1688 autem
620 1650 795 1688 videntur
817 1653 860 1688 iis
882 1652 921 1687 in
940 1663 1034 1699 quos
1045 1651 1235 1692 dicuntur,
1261 1653 1378 1699 longe
1399 1662 1484 1700 gra-

68 1699 218 1738 viffima.

69 1749 207 1797 quibus
227 1748 351 1786 delicii
371 1749 501 1786 veritas
522 1750 699 1799 arguitur.

265 1700 406 1747 quippe
426 1699 720 1738 huiuscemodi
709 1714 877 1738 iocorum
899 1701 959 1736 vel
980 1700 1138 1736 maxime
1164 1701 1225 1736 illa
1256 1711 1484 1748 permouent

761 1752 889 1793 Quare
917 1761 1033 1795 quum
1053 1750 1171 1786 multa
1200 1749 1241 1784 in
1268 1761 1357 1792 eum
1374 1752 1415 1794 v)
1427 1749 1479 1787 di-
1500 1767 1521 1802 ς

67 1798 225 1841 xilsent‚
259 1811 308 1834 ne
337 1799 550 1835 diffimulata
575 1799 733 1855 quidem
744 1799 903 1836 fraterna
924 1800 1057 1841 caede,
1107 1809 1339 1845 matremque
1366 1799 1480 1836 etiam

67 1848 288 1896 x)10castam
309 1849 421 1898 vulgo
444 1849 700 1896 appellarent,
724 1848 996 1894 irriderentque
1013 1846 1155 1895 ipsum.
1189 1848 1292 1895 quod
1317 1848 1483 1884 tantulae

66 1898 183 1934 homo
202 1897 392 1945 staturae„
418 1899 668 1936 Alexandrum
689 1909 802 1946 atque
820 1898 1029 1939 Achillem,
1061 1897 1241 1933 maximos
1269 1910 1310 1932 ac
1327 1896 1481 1934 fortiffl-

67 1959 152 1983 mos
179 1946 339 1989 heroas,
370 1949 634 1983 aemularetur:
671 1947 763 1983 dum
779 1948 910 1984 ludere
938 1946 973 1983 se
992 1958 1146 1993 putant,
1181 1959 1227 1982 eo
1245 1946 1481 1993 impulerunt
1499 1954 1522 1987 6

68 1995 331 2037 Antoninum,
356 1997 552 2032 hominem
583 1996 709 2042 fuapee
730 2007 861 2033 natura
881 1994 1103 2032 iracundum
1134 2007 1247 2042 atque
1275 1996 1381 2032 valde
1400 1996 1482 2031 san-

70 2045 303 2092 guinarium,
333 2056 375 2080 vt
399 2044 602 2091 perniciem
627 2044 700 2080 illis
729 2044 954 2091 insidiasque
980 2044 1186 2079 moliretur.

1242 2045 1357 2091 lgitur
1387 2046 1480 2080 cele·
1495 2065 1522 2101 7

70 2095 209 2131 britate
230 2105 272 2128 ac
291 2093 386 2129 festo
408 2095 478 2129 iam
502 2107 575 2129 vna
599 2104 675 2129 cum
698 2093 770 2129 illis
789 2094 957 2141 perat‘tm
980 2104 1096 2141 quum
1120 2092 1267 2129 videret
1284 2090 1483 2130 maximam
1521 2096 1524 2102 '

119 2211 159 2258 q)
171 2219 210 2246 et
239 2221 334 2257 quae
353 2210 463 2247 rebus
481 2208 645 2246 minimis
670 2221 751 2246 mo-

68 2271 188 2296 vetur.
247 2259 366 2314 διερὸς

122 2309 160 2353 r)
187 2309 362 2345 Tantus
355 2307 467 2355 igitur
493 2306 540 2343 ad
564 2306 753 2355 excipien-

73 2357 165 2393 dum
184 2358 288 2394 illum
307 2357 418 2394 fiebat
430 2368 634 2405 apparatus,
660 2368 752 2404 qua-

39 2426 42 2427 ⁷
71 2408 149 2444 lem
181 2407 274 2443 nulli
305 2418 472 2454 unquam
503 2407 582 2456 regi
613 2405 751 2460 fastum

71 2455 175 2494 fuiss‘e
203 2456 320 2492 aiunt.
369 2456 489 2505 Steph.

123 2510 158 2548 s)
189 2507 378 2542 taedarum
417 2516 604 2552 practerea
639 2503 752 2553 gesta-

40 2571 42 2573 >
73 2554 241 2592 tionibus
261 2553 352 2592 etfl.
372 2553 421 2601 sp.
444 2555 470 2589 1
492 2555 526 2590 h.
549 2553 606 2590 vel
640 2554 753 2601 quin-

74 2603 187 2642 etiam
200 2603 320 2640 taedas
336 2600 598 2649 praeferentes
623 2615 664 2639 ac
685 2602 753 2639 flo-

72 2665 131 2691 res
151 2652 390 2703 spargentes,
417 2653 510 2702 Imp
563 2653 683 2702 steph.

851 2211 883 2256 t)
911 2208 1037 2252 fratre,
1065 2209 1207 2247 Memm.
1227 2218 1272 2245 ut
1290 2209 1408 2246 inGr.
1420 2207 1484 2247 est,

800 2260 894 2307 sylb.

852 2326 894 2371 v)
929 2325 1078 2363 ἀὶᾶειίει
1099 2324 1291 2366 ieciffent.
1332 2337 1372 2362 et
1398 2323 1485 2373 qui·

803 2373 887 2411 dem
913 2374 1018 2422 super
1049 2375 1175 2412 fratris
1210 2374 1323 2412 etiam
1360 2374 1487 2417 caede,

803 2435 907 2460 matr.
934 2425 1050 2474 steph.

853 2490 898 2533 x)
927 2489 1027 2534 quod
1039 2488 1183 2527 scilicet
1199 2501 1242 2527 ut
1253 2488 1388 2527 Iocasta
1402 2488 1486 2525 Oe-

804 2537 895 2585 dipo
930 2536 1033 2580 filio,
1082 2540 1133 2577 ita
1160 2539 1250 2576 lulia
1279 2536 1486 2575 Antonino

805 2587 983 2638 privigno
1006 2598 1124 2637 nupta
1142 2587 1240 2628 effet.
1285 2587 1434 2625 Memm.

1087 487 1123 533 r)
1138 487 1253 534 Igitur
1271 488 1316 524 ad
1336 486 1479 533 excipi·
1499 497 1546 531 19

1326 879 1478 926 paluda-
1499 888 1545 913 21
