1748 3017
191 91 265 136 44

378 53 1441 123 HERODIANItMSTORIAE

193 188 431 240 sanguinem,
475 198 585 234 atque
619 186 711 222 adeo
739 185 828 221 citra
862 185 1075 231 puluerem,
1115 186 1211 222 tanti
1248 185 1456 224 effectorem
1489 186 1628 234 operis.

148 248 175 287 3
197 239 334 278 Omnia
356 250 468 286 porro
486 236 663 273 mirabilia
693 234 730 269 in
753 234 834 275 illo,
861 234 1130 282 praecipueque
1148 235 1294 282 ingenii
1323 247 1493 277 acumen,
1520 237 1627 273 labo·

163 290 277 328 strum
307 286 521 327 tolerantia,
562 286 745 330 rebusque
772 282 941 320 maximis
970 283 1229 332 aggrediundis
1261 285 1396 321 bonam
1426 284 1491 321 sibi
1520 283 1623 332 spem

114 364 117 367 Δ
147 343 413 388 ⁴4pr0ponens
437 335 597 372 audacia.
649 332 770 369 Postea
799 344 885 368 vero
915 343 1023 379 quam
1051 344 1134 369 eum
1166 334 1328 381 populus
1355 333 1478 371 faustis
1505 334 1620 369 accla-

187 387 423 425 mationibus
442 384 607 428 suscepit,
630 393 668 419 et
689 381 836 420 senatus
862 380 1090 429 (vniuersusss)
1113 383 1158 419 ad
1182 382 1424 431 portasvrbis
1454 381 1623 418 consalu·

193 437 301 480 tauit,
328 434 425 471 inito
447 432 545 470 louis
573 431 735 478 templO,
761 429 929 480 factaque
955 442 996 466 re
1030 430 1182 472 diuina,
1206 431 1435 479 reliquisque
1460 430 1550 467 item
1570 430 1623 467 sa-

192 486 264 522 cris
283 484 432 521 aedibus
461 484 506 519 de
525 494 628 517 more
655 478 906 522 consalutatis,
934 479 1159 525 (nouiffime)
1178 482 1213 526 b)
1231 481 1276 518 ad
1294 480 1447 518 domum
1467 479 1624 528 impera-

154 537 173 572 5
193 535 327 572 toriam
353 532 389 570 se
409 531 562 578 recepit.
612 526 785 566 Postridie
808 541 895 577 vero
924 528 1061 565 curiam
1084 527 1181 571 iniit,
1206 530 1336 578 ibique
1357 529 1520 576 placidus
1540 541 1622 564 ora-

128 597 134 609 *
192 584 336 620 tionem
356 581 486 618 habuit
503 581 650 626 plenam
678 577 841 624 optimae
862 577 961 624 spei:
987 576 1090 616 simul
1114 591 1245 615 ornnes
1269 578 1414 626 publice
1433 577 1622 626 priuatim·

149 627 172 662 6
189 642 263 669 oue
292 630 452 672 benigne
477 630 700 674 complexus,
727 624 853 674 venjff?
877 628 915 662 in
931 627 1055 663 vrbem
1071 627 1204 669 aiebat,
1231 637 1276 665 vt
1293 628 1434 675 occisum
1454 627 1623 664 Pertina·
1681 651 1683 653 ·

187 672 260 718 c’em
279 673 508 728 vlcisc'eretur
520 692 533 712 .·
553 681 785 724 datm-umque
803 684 957 724 operam,
976 686 1020 713 vt
1024 675 1146 725 status
1166 677 1387 725 optimatium
1397 676 1619 723 fundamen·

147 731 173 767 7
189 740 232 768 ta
241 729 282 780 se
298 730 459 778 principe
479 729 680 763 iacerentur
692 741 704 761 :
732 725 861 761 nullum
889 725 961 771 nist
972 726 1098 762 iudicio
1115 728 1341 769 damnatum,
1367 740 1409 763 ca
1434 727 1484 762 ite
1503 726 1620 761 bonis·

187 792 230 816 ue
254 780 457 815 ‚numatam
483 778 559 812 iri:
585 788 651 811 non
670 776 847 823 pqffitrum
875 776 1072 817 delatores,
1105 775 1166 812 sed
1194 775 1370 812 summam
1398 735 1619 812 {Felicitatem

186 828 259 865 suis
278 828 549 875 praebiturum:
576 825 742 861 aemulum
753 822 794 870 se
815 824 938 860 Marci
952 825 1124 871 futurum
1143 826 1298 873 gerendo
1315 825 1483 874 imperio:
1511 833 1620 872 neque

145 877 165 915 8
179 877 292 926 solum
305 877 502 913 Pertinacis
520 887 714 922 cognomen,
734 872 801 921 sed
815 881 963 910 mentem
972 886 1106 920 quoque
1121 874 1334 911 habi-turum.
1359 876 1402 911 ln
1419 874 1515 911 hanc
1533 873 1620 909 sen-

187 925 341 963 tentiam
363 925 471 961 verba
484 922 632 965 ,faciens
655 922 823 959 fauorem
843 920 908 957 fibi
928 922 1117 970 fidemque
1129 935 1260 963 eorum,
1271 935 1359 971 quae
1373 923 1622 971 pollicebatur,

144 977 167 1012 9
185 989 209 1011 a
223 976 401 1022 plerisque
428 972 658 1012 conciliabat.

713 971 874 1012 Quidam
903 983 1030 1007 tamen
1057 985 1076 1008 e
1100 972 1297 1007 maioribus
1317 982 1420 1013 natu,
1444 971 1509 1018 qui
1530 983 1621 1007 con-

184 1023 330 1060 suetum
356 1021 464 1070 ipsius
482 1023 662 1059 haberent
692 1019 898 1069 ingenium,
924 1020 996 1059 iam
1016 1032 1097 1057 tum
1117 1021 1322 1056 clanculum
1341 1019 1492 1068 reliquis
1514 1032 1622 1068 prae-

185 1073 381 1116 dicebant,
427 1070 651 1116 versipellem
677 1071 778 1106 hunc
805 1068 874 1105 effe
902 1069 1117 1110 hominem,
1141 1069 1235 1105 nihil
1264 1082 1345 1108 non
1373 1069 1448 1109 astu
1476 1080 1516 1104 et
1541 1079 1620 1104 arte

183 1122 414 1168 tranctantem,
433 1119 677 1160 simulatorem
699 1117 1072 1165 diffimulatoremque
1092 1118 1289 1159 idoneum:
1318 1118 1416 1157 nihil
1436 1117 1536 1165 pensi
1554 1118 1617 1154 ha-

173 1170 446 1211 -bentem‚dum
458 1169 493 1204 id
505 1166 676 1205 efficeret,
689 1167 792 1214 quod
804 1163 880 1203 vsui
898 1165 963 1202 fibi
981 1177 1045 1202 aut
1055 1167 1312 1204 emolumento
1331 1167 1501 1209 crederet
1520 1166 1614 1203 fore.

119 1221 167 1252 10
184 1219 285 1266 quod
297 1217 479 1254 seniorum
493 1215 669 1256 iudicium
681 1215 777 1253 haud
789 1214 836 1250 ita
849 1214 969 1254 multo
991 1215 1234 1263 posteuentus
1243 1216 1523 1262 comprobauit,
1543 1215 1619 1263 lgi-

183 1278 245 1306 tur
255 1269 413 1304 Seuerus
424 1277 560 1313 paucos
574 1265 612 1303 in
625 1265 713 1302 vrbe
735 1263 813 1301 dies
824 1274 997 1306 moratus,
1008 1264 1094 1300 dato
1110 1264 1206 1309 plebi
1217 1265 1402 1300 vberrimo
1414 1264 1618 1313 congiario,

182 1315 406 1360 donatisque
428 1313 572 1353 abunde
592 1312 788 1353 militibuS,
807 1321 845 1349 et
862 1325 908 1350 ex
927 1313 973 1349 iis
994 1313 1236 1350 robustiffimo
1254 1325 1410 1361 quoque
1430 1313 1471 1350 in
1490 1316 1617 1351 locum

183 1375 483 1402 exautoratorum
512 1362 655 1402 delesto
676 1361 720 1396 ad
747 1360 894 1409 imperii
924 1361 1144 1403 custodiam,
1172 1361 1288 1398 statim
1318 1363 1392 1409 ipse
1425 1363 1464 1399 in
1486 1363 1616 1400 orien-

119 1415 161 1442 11
184 1425 258 1451 tem
280 1412 547 1463 profectionem
568 1421 691 1458 parat:
718 1413 752 1456 c)
773 1412 968 1449 cunaanoe
980 1411 1099 1458 Nigro
1120 1411 1241 1448 adhuc
1261 1424 1299 1448 et
1315 1409 1466 1459 supino,
1499 1422 1614 1458 atque

182 1462 432 1502 Antiochenis
465 1460 607 1497 deliciis
634 1471 800 1505 vacante,
826 1472 924 1498 ratus
942 1459 1213 1508 properandum
1236 1459 1314 1505 fibi,
1343 1472 1384 1497 vt
1402 1461 1615 1508 inexpecta-

118 1514 161 1545 32
183 1524 244 1551 tus
269 1512 486 1559 imparatum
512 1507 749 1559 opprimeret,

818 1508 944 1546 Ediao
978 1507 1090 1557 igitur
1108 1508 1306 1552 militibus,
1332 1522 1375 1547 vt
1395 1511 1440 1549 ad
1472 1510 1545 1546 iter
1575 1510 1613 1546 se

181 1562 431 1609 accingerent,
458 1556 732 1603 contrastisque
751 1558 916 1606 vndique
944 1558 1086 1604 copiis,
1109 1568 1150 1591 ac
1169 1558 1311 1596 deleflu
1340 1559 1530 1596 iuniorum
1554 1570 1613 1596 to-

181 1621 218 1650 ta
239 1609 339 1647 ltalia
358 1608 495 1651 habito,
513 1608 552 1653 d)
563 1607 664 1645 simul
683 1606 847 1654 reliquiis
860 1607 996 1654 lllyrici
1008 1605 1202 1645 exercitus,
1212 1619 1307 1648 quae
1327 1608 1366 1645 in
1376 1608 1534 1646 Thracia
1553 1623 1614 1646 re-

116 1657 158 1697 13
180 1659 400 1700 manserant,
436 1669 630 1694 occurrere
652 1655 766 1698 iuffis,
795 1668 919 1702 neque
938 1655 1053 1692 secius
1071 1654 1212 1702 ingenti
1233 1657 1336 1694 claffe
1355 1659 1491 1701 coasta,
1511 1672 1611 1695 com·

179 1706 362 1757 pletisque
383 1717 520 1742 armato
541 1705 659 1742 milite
678 1705 794 1742 totius
814 1706 938 1741 ltaliae
956 1704 1181 1744 triremibus,
1204 1703 1376 1755 ingentes
1396 1706 1460 1750 fibi
1485 1708 1609 1745 omnis

114 1759 159 1796 14
178 1756 324 1807 generis
344 1756 468 1803 copias
488 1753 696 1791 incredibili
725 1755 914 1794 celeritate
931 1751 1170 1800 comparauit.
1221 1754 1395 1802 siquidem
1416 1757 1512 1794 haud
1534 1756 1612 1793 exi-

179 1806 261 1856 guis
288 1806 426 1842 viribus
437 1805 510 1851 fibi
537 1803 606 1839 esse
627 1815 729 1849 ‘opus
759 1802 990 1852 intelligebat
1008 1800 1178 1838 aduersus
1192 1804 1364 1839 nationes
1384 1813 1526 1850 partem
1547 1816 1611 1839 or·

178 1855 236 1892 bis
253 1855 422 1902 Europae
450 1851 650 1900 oppositam
681 1852 910 1892 incolentes»,
939 1863 1033 1898 quae
1057 1849 1200 1887 scilicet
1226 1863 1300 1888 vno
1312 1851 1458 1889 ‘ordine
1475 1863 1609 1888 omnes

175 1903 280 1951 Nigri
302 1901 547 1950 sequebantur
567 1899 734 1951 auspicia.
785 1900 844 1943 Ad
860 1901 962 1942 hunc
978 1899 1094 1949 igitur
1114 1899 1268 1938 modum
1288 1900 1429 1938 bellum
1447 1903 1606 1940 seuerus

171 1952 384 1993 instruebat.

169 2110 291 2150 robori
321 2110 431 2146 animi
452 2108 645 2148 coniunsta
666 2110 743 2158 spes
763 2112 862 2147 bona.

170 2179 209 2188 -
235 2161 417 2195 taborum
436 2171 555 2195 autem
578 2159 860 2208 generositatem

171 2219 281 2244 vocat
301 2208 580 2255 generositatem
599 2207 638 2243 in
657 2210 861 2246 tolerandis

172 2257 370 2295 laboribus,
382 2267 419 2291 et
432 2257 525 2301 quas,
540 2257 635 2292 dicas
647 2259 859 2306 generosam

171 2306 353 2354 quandam
372 2307 532 2340 laborum
544 2306 862 2348 tolerantiam‚aut

171 2353 388 2403 generosum
435 2353 473 2387 in
514 2354 586 2390 illis
622 2352 860 2402 suscipiendis

168 2402 343 2438 animum.
372 2402 489 2448 Steph.

217 2453 262 2498 b)
299 2452 449 2487 domum
499 2452 587 2499 lmp.
633 2452 858 2490 conscendit.

170 2500 263 2537 Post.
278 2512 378 2538 vero,
391 2511 502 2545 quum
517 2501 553 2535 in
567 2500 701 2535 curiam
714 2501 860 2539 descen·

171 2549 288 2589 disset,
315 2549 523 2584 orationem
545 2551 647 2586 valde
667 2550 858 2588 modestam

171 2609 209 2633 et
229 2599 344 2634 bonae
366 2596 439 2642 spei
454 2597 597 2644 plenam
619 2598 744 2635 habuit
764 2600 859 2645 apud

158 2654 294 2682 ·omnes.
341 2646 413 2683 Sed
449 2649 509 2684 hic
546 2647 696 2694 interpr.
729 2655 858 2692 πάντας

912 2122 993 2148 cum
1013 2108 1084 2158 seq.
1105 2108 1248 2159 iungit,
1275 2122 1449 2161 tanquam
1465 2111 1607 2161 legens.

910 2169 966 2198 καὶ
1002 2164 1154 2201 πάντας.
1193 2162 1253 2197 vel
1285 2159 1357 2205 οἶμαι
1390 2165 1433 2206 δὲ,
1459 2167 1606 2203 πάντας»

909 2209 1000 2246 item
1021 2205 1136 2252 ’ἔλεγεν
1156 2206 1254 2253 ἥκειν.
1277 2210 1394 2260 Steph.
1488 2255 1491 2258 ἢ

959 2261 993 2302 c)
1020 2259 1114 2292 Nam
1133 2259 1328 2303 cunctante
1355 2257 1475 2295 adhuc
1491 2258 1538 2295 N.
1562 2269 1604 2294 ac

909 2305 1043 2356 supine
1074 2317 1112 2340 et
1142 2308 1342 2346 socorditer
1370 2307 1406 2343 se
1433 2318 1603 2358 gerente,

910 2358 1023 2403 atque
1055 2355 1144 2394 Ant.
1182 2357 1250 2392 del.
1280 2356 1519 2404 indulgente,
1545 2357 1604 2394 su-

910 2405 1110 2453 peruenire
1152 2404 1402 2452 inexpeRatus
1441 2407 1605 2450 volebat,

909 2464 950 2490 vt
970 2453 1059 2498 imp.
1080 2465 1183 2502 oppr.
1208 2457 1324 2503 Steph.

958 2504 1003 2548 d)
1029 2515 1066 2538 et
1085 2504 1106 2539 fi
1130 2515 1225 2550 quae
1251 2505 1369 2541 adhuc
1388 2505 1427 2541 in
1447 2503 1599 2553 illyrico

908 2563 1015 2589 crant
1033 2552 1204 2588 militares
1223 2554 1412 2601 reliquiae,
1436 2555 1473 2591 in
1484 2554 1601 2589 Thra-

908 2601 1001 2637 ciam
1033 2600 1273 2648 descendere,
1300 2604 1352 2642 ibi
1378 2616 1453 2654 que
1477 2604 1599 2642 secum

908 2650 1008 2689 coire
1026 2649 1134 2695 iuffis,
1160 2652 1249 2699 Sylla.
