1707 3029
241 114 332 161 DE
366 111 790 161 EDITIONIBVS
823 112 1209 159 HERODIANI.
1329 121 1424 171 345

58 230 68 237 χ
134 237 235 277 Non
258 237 440 277 alienum
461 237 511 276 ab
533 237 612 276 hoc
632 235 724 275 loco
739 266 750 283 ,
795 242 930 290 nequ‘e
953 236 1123 274 Lectori
1152 228 1428 274 iniueundum

21 295 113 334 fore
134 293 321 334 existimo
335 325 346 342 ,
387 294 416 333 fi
435 294 485 334 de
505 293 777 337 Edit-ionibus
792 292 1030 331 Herodiani
1049 293 1172 330 variis
1198 307 1326 345 pauca
1360 292 1428 330 ad·

21 352 189 390 iecerim
207 381 217 398 ,
263 353 419 406 quippe
447 351 559 405 quod
580 349 723 389 frustra
747 349 796 389 de
820 351 869 388 iis
892 349 1046 388 Graeca
1067 349 1249 387 Fabricii
1271 349 1430 388 Biblio-

20 407 168 456 theca,
210 409 306 457 (cui
327 423 410 447 non
433 419 542 447 recte
565 407 642 446 hoc
666 406 818 453 obiici,
858 406 1017 460 patebit
1049 405 1286 444 volentibus
1321 421 1429 445 com-

19 469 210 517 parare..)
249 466 461 519 Voffiique
487 463 653 503 historia
676 463 918 518 scriptorum
939 464 1212 507 Graecorum,
1246 462 1432 502 consula-

19 529 101 563 tur.
158 518 320 561 Prodiit
373 526 417 572 1)
447 522 602 560 Latine
622 531 802 565 tantum,
832 520 1041 559 Politiano
1066 519 1316 573 interprete,
1349 521 1430 559 Bo-

19 578 173 616 noniae
207 589 325 631 1493.
358 579 401 626 in
434 578 508 618 fol.
571 582 614 627 9.)
643 578 800 616 Graece
829 593 920 616 cum
948 576 1133 616 eiusdem
1152 576 1351 616 Politiani
1372 578 1433 615 in-

21 636 346 688 terpretatione,
394 636 585 675 Venetiis
619 644 735 684 1524.
767 636 809 672 in
835 643 870 678 8.
901 644 940 672 et
971 633 1153 673 Bafileae
1186 643 1304 687 1549.
1326 635 1368 671 in
1394 642 1430 678 8.

20 695 68 741 3)
109 691 265 731 Graece
294 703 335 732 et
363 692 493 731 latine
524 707 616 731 cum
639 691 843 745 Stephani
875 690 1227 729 Annotationibus
1249 720 1259 737 ,
1294 691 1432 730 Mem·

22 747 96 785 mii
126 749 567 789 Animaduerfionibus
584 778 594 791 ‚
644 748 804 787 Schotti
831 747 1194 786 emendationibus
1216 747 1433 801 scriptura·
1460 764 1465 765 ⁷

20 819 194 859 rumque
226 807 521 853 varietatibus,
570 806 752 858 denique
781 804 980 843 Friderici
1012 805 1224 859 Sylburgii
1255 810 1435 843 Annota-

19 862 234 910 tionibus,
282 874 395 903 tomo
424 865 502 903 III.
534 861 726 901 historiae
759 864 973 901 Romanae
1014 861 1281 915 scriptorum,
1329 860 1433 915 quos

22 917 273 974 Sylburgius
299 916 494 975 Collegit,
541 921 808 958 Francofurti
840 918 891 957 ad
920 919 1127 957 Moenum
1156 933 1274 969 1590.
1295 920 1339 957 in
1358 918 1433 957 fo'l.

20 974 128 1029 quae
182 977 413 1016 Herodiani
454 976 597 1015 Editio
639 991 719 1015 vna
759 975 823 1014 est.
859 977 1044 1014 omnium
1085 975 1434 1029 praestantiffima.

22 1037 70 1083 4)
98 1033 198 1072 Sine
222 1036 334 1073 notis
358 1032 598 1088 Ingolstadii
628 1032 746 1077 1608‘.
768 1035 810 1072 in
835 1041 871 1077 8.
933 1037 978 1082 5)
1009 1033 1114 1071 Cum
1142 1032 1343 1086 Stephani
1367 1047 1439 1070 an-

22 1090 325 1130 notatiunculis
346 1092 389 1129 in
413 1088 612 1144 quosdam
637 1090 750 1128 locos
765 1119 775 1135 ,
809 1100 850 1128 et
869 1091 1059 1129 examine
1081 1089 1438 1142 interpretationis

20 1146 247 1195 Politiani,
286 1147 498 1201 Lugduni‘
527 1148 644 1186 1611.
683 1146 727 1184 in
750 1155 788 1193 8.
865 1149 912 1198 6)
944 1147 1051 1185 Cum
1079 1146 1277 1184 Danielis
1300 1147 1436 1194 Parei,

22 1217 76 1242 ex
109 1204 338 1242 Herodiani
368 1203 512 1251 libris,
552 1203 789 1256 principum
818 1202 1026 1241 bonorum
1061 1213 1101 1240 et
1123 1202 1324 1241 malorum
1348 1203 1435 1257 spe.

20 1259 137 1305 culo,
166 1260 251 1299 fiue
271 1261 442 1301 monitis
466 1271 507 1299 et
528 1259 731 1313 exemplis
755 1259 1141 1313 ethico-politicis,
1182 1274 1287 1313 quae
1309 1260 1439 1314 virtu-

20 1326 83 1356 tes
103 1327 144 1355 et
165 1317 267 1356 vitia
291 1318 526 1371 principum
544 1317 755 1370 spectant,
790 1317 986 1358 Francof.
1010 1316 1057 1355 ad
1083 1319 1291 1355 Moenum
1319 1323 1438 1365 1630.

20 1373 65 1412 in
88 1382 125 1418 8.
186 1378 235 1426 7)
268 1375 375 1415 Cum
406 1373 597 1415 Boecleri
627 1375 738 1412 notis
771 1376 813 1412 et
849 1374 1315 1420 Animaduerfionibus,
1366 1377 1438 1413 Ar-

19 1432 227 1484 gentorati
261 1433 380 1482 1644.
408 1432 453 1469 in
487 1440 524 1476 8,
553 1432 672 1471 1662.
715 1446 808 1470 cum
837 1430 1001 1485 prolixo
1021 1430 1273 1470 Balthasaris
1298 1432 1439 1471 Schei-

21 1487 81 1526 dii
104 1488 269 1535 indice;
298 1504 344 1527 ac
365 1488 550 1542 denique
579 1487 698 1543 1694.
722 1503 815 1527 cum
837 1487 981 1527 eodem
1007 1488 1159 1527 indice.
1208 1494 1250 1538 8)
1281 1489 1439 1528 Graece

21 1554 64 1583 et
95 1544 223 1584 latine
253 1560 347 1585 cum
379 1546 530 1592 Notis,
581 1545 802 1593 oxoniae,
845 1560 867 1584 e
891 1545 1090 1584 Theatro'
1110 1545 1437 1593 Scheldoniano,

24 1607 146 1653 1699.
170 1603 214 1641 in
234 1612 274 1652 8.
361 1608 408 1657 9)
440 1602 626 1651 Gallice,
658 1617 749 1641 cum
771 1602 1214 1650 animaduersionibus,
1284 1627 1321 1662 P,
1352 1617 1440 1657 165.

18 1659 64 1697 in
103 1671 163 1699 12.
191 1661 307 1699 Paris
340 1670 462 1707 1712.
529 1664 599 1709 10)
642 1661 796 1713 Neque
828 1659 1129 1713 praetereunda
1164 1659 1220 1698 est

18 1716 257 1756 Translatio
282 1717 526 1757 Germanica
542 1747 552 1765 ‚
598 1731 704 1771 quae
736 1717 951 1756 nouiffime
983 1717 1142 1770 prodiit
1162 1716 1296 1755 Halae
1319 1717 1441 1771 Mag·

21 1772 271 1828 deburgieae
297 1789 414 1828 17²9·
438 1775 482 1825 in
510 1783 605 1820 8vo.
674 1779 787 1824 (oum
812 1775 942 1828 praef.
968 1774 1067 1815 Chr.
1091 1774 1205 1817 Frid.
1230 1774 1440 1823 Hunoldi,

18 1829 121 1870 alias
144 1832 413 1885 Menantis.)

132 1923 259 1964 Addit
281 1926 349 1965 his
371 1923 563 1979 Iuglerus
589 1925 726 1972 aliam,
757 1939 863 1978 quae
885 1925 968 1963 iam
990 1934 1087 1962 nota
1109 1925 1204 1970 erit,
1238 1925 1443 1978 interpre-

19 1979 224 2019 tationem
266 1982 553 2020 Germanicam
599 1983 676 2021 Ge.
707 1983 813 2035 Aug.
845 1981 1148 2035 Dethardingii
1180 1982 1366 2020 Hafniae
1399 1992 1441 2020 et

19 2036 188 2089 Lipsiae
215 2047 335 2087 1747.
358 2038 400 2075 in
427 2046 463 2082 8.
486 2037 698 2090 prodiisse.

133 2116 184 2154 In
206 2116 338 2156 Catal.
359 2116 471 2156 Bibl.
494 2117 767 2155 Bunauianae
790 2116 890 2155 Τ.Ῐ.
912 2132 952 2171 p.
973 2132 1064 2171 ²9¹·
1100 2127 1409 2157 memorantur:

18 2172 289 2212 Herodianus
311 2174 492 2221 Graece,
530 2188 611 2211 vna
643 2187 733 2212 cum
765 2174 1067 2227 Xenophontis
1098 2175 1263 2214 Omiffis
1293 2184 1332 2213 et
1358 2175 1440 2214 Ge·

383 2230 500 2269 misto
520 2229 752 2276 Plethone,
794 2232 944 2273 Venet.
965 2246 1030 2285 ap.
1059 2231 1151 2270 Ald.
1179 2242 1298 2279 1505,
1321 2233 1351 2270 f.

130 2309 188 2319 —-
366 2311 423 2319 —
539 2298 581 2327 et
603 2302 695 2327 cum
719 2287 919 2326 Politiani
940 2288 1110 2343 interpr.
1143 2299 1184 2328 et
1206 2289 1333 2329 huius
1351 2304 1439 2343 par-

237 2345 313 2384 tim
334 2344 668 2399 supplemento‚-
699 2345 847 2398 partim
877 2346 1069 2384 examine
1100 2347 1231 2385 Henr.
1264 2346 1439 2401 Stepha-

237 2403 307 2450 ni,
349 2413 527 2457 Vtroque
557 2402 733 2456 margini
759 2401 978 2456 adscripto.
1039 2403 1238 2443 Eiusdem
1264 2403 1440 2457 Stepha-

238 2461 283 2499 ni
314 2460 643 2499 Emendationes
676 2458 937 2512 quorundam
972 2460 1121 2499 Graeci
1153 2471 1291 2500 textus
1326 2461 1440 2500 loco·

237 2532 351 2565 rum,
383 2528 426 2556 et
454 2516 715 2571 quorundam
743 2515 1070 2556 emendationes.
1143 2516 1436 2566 Historiarum,

235 2574 540 2614 Herodianicas
572 2573 938 2627 subsequentium,
1000 2574 1096 2614 libri
1123 2576 1180 2614 ΙΙ.
1214 2590 1326 2614 nunc
1355 2577 1438 2629 pri·

239 2645 351 2670 mum
403 2631 508 2671 editi
558 2631 716 2671 Graece
740 2660 752 2677 ,
812 2630 1045 2674 excudebat
1093 2633 1150 2680 H.
1194 2631 1436 2688 Stephanus

239 2696 361 2740 1581.
400 2703 440 2739 4.
