1707 3029
232 132 324 176 DE
359 128 784 175 EDITIONIBVS
822 127 1208 172 HERODIANI.
1326 140 1419 184 335

127 255 345 293 Praete-rea
373 250 637 291 Introductio
667 251 711 288 in
738 250 950 304 Linguam
982 250 1203 295 Graecam,
1245 255 1426 291 Auctore

12 314 75 354 Ῑο.
104 314 207 354 ΕΓΗ,
227 313 344 350 Imm.
364 307 563 347 Walchio
579 337 589 355 ,
628 307 726 346 edit.
758 307 926 348 secund.
955 308 1045 346 Ien.
1072 316 1191 354 1772.
1215 322 1254 361 p.
1278 313 1346 358 68.
1368 323 1424 351 m.

14 375 51 421 ς).
76 369 257 409 LXXII.
281 378 395 406 tenet
416 364 500 405 ista.
545 365 672 412 „Sub
695 364 918 403 Valeriano
939 365 1037 417 imp.
1067 378 1177 402 anno
1202 365 1302 407 Chr.
1328 376 1425 418 238,

13 428 123 466 vixit
145 423 424 464 Herodianus.
515 421 738 460 Historiam
758 422 820 460 [ui
843 422 1041 475 temporis
1059 421 1175 459 libris
1194 422 1312 462 VIII.
1332 422 1428 462 scri-

12 484 105 539 psit,
140 483 224 521 siue
245 496 307 520 res
320 483 605 529 Romanorum
631 478 758 532 gestas
782 493 802 517 a
827 489 958 517 morte
977 478 1114 517 Marci
1137 480 1339 518 Antonini
1362 495 1428 521 vs·

15 554 98 594 que
124 539 173 578 ad
201 538 458 578 Gordianum
489 537 710 585 iuniorem.
801 535 1024 574 Editiones
1056 534 1183 574 huius
1215 535 1426 591 scriptoris

13 597 214 637 habemus
500 634 503 639 ,

232 650 545 692 Bononiensem
570 661 689 703 1493,
718 649 794 692 fol.

232 709 427 748 Aldinam
455 721 572 760 1503.
595 708 671 746 fol.

235 766 520 806 Florentinam
546 765 657 818 apud
680 763 866 818 Philipp.
887 765 1197 817 Iamiam-1517.
1220 775 1259 815 8.

234 824 439 862 Venetam
470 835 588 873 1524.
615 828 656 871 8.

239 880 416 919 Henrici
441 880 644 933 Stephani
673 888 793 926 1531,
820 893 862 929 4,

236 937 377 977 Balth.
402 936 612 982 Scheidii,
649 938 913 990 Argentorat.
939 940 1062 978 1662.
1084 945 1124 985 8.

240 993 523 1034 Oxoniensem
554 996 669 1043 1699.
696 1002 735 1041 8.
763 1003 804 1032 et

239 1049 612 1104 Etlimburgensem
636 1052 695 1090 Io.
718 1050 869 1089 Patoni
893 1064 1014 1107 1724.
1044 1057 1087 1100 8.

20 1121 168 1162 Dictio
193 1120 285 1158 eius
306 1118 471 1156 laudem
499 1117 625 1157 habet
644 1117 976 1171 perspicuitatis,
1004 1119 1261 1174 elegantiae,
1302 1131 1344 1162 et
1364 1138 1436 1163 na.

21 1178 166 1218 turalis
192 1174 406 1214 cuiusdam
439 1174 637 1213 fluminis.
698 1175 950 1228 Quanquam
982 1191 1068 1215 non
1096 1177 1334 1232 negandum
1366 1181 1437 1230 est,

25 1250 114 1275 eam
145 1234 270 1272 attico
301 1231 467 1270 dicendi
497 1245 647 1286 genere
679 1231 821 1284 paullo
857 1231 939 1271 effe
980 1233 1190 1276 fufiorem.
1274 1237 1437 1278 Merito

25 1305 194 1345 quoque
246 1299 479 1342 temporum
528 1287 755 1328 notationis
793 1288 935 1342 paullo
988 1289 1203 1331 studiosior
1242 1291 1325 1333 effe
1369 1294 1440 1334 de·

21 1347 186 1386 buiffet.
203 1351 231 1371 “

138 1425 312 1479 Insuper
337 1424 395 1463 D.
415 1423 449 1464 Ϊ.
474 1425 525 1467 G.
558 1423 847 1480 Hauptmanni
879 1426 1045 1467 Notitia
1077 1428 1257 1469 Breuior
1285 1430 1440 1472 Aucto·

23 1499 114 1524 rum
137 1485 334 1523 Veterum
359 1483 428 1521 Gr.
449 1497 494 1521 ac
514 1484 634 1529 Lan,
675 1483 741 1523 ed.
763 1483 897 1523 Gerae
923 1495 963 1523 et
986 1484 1101 1538 Lips.
1137 1500 1257 1540 1779.
1277 1503 1319 1542 p.
1344 1501 1440 1534 122,

25 1555 79 1580 m.
101 1540 196 1579 sect.
219 1538 371 1580 CXXI.
393 1541 476 1578 fert
499 1539 614 1579 haec.
662 1570 689 1587 ‚‚
708 1541 973 1581 Hetodianus
1008 1540 1337 1593 Alexandrinus,
1378 1546 1440 1588 vl-

25 1609 87 1638 tra
107 1612 261 1636 annum
285 1603 378 1645 228.
400 1598 519 1636 vixit.
591 1597 757 1652 Scripsit
781 1598 1037 1652 historiarum
1061 1598 1183 1640 libros
1204 1614 1291 1641 octo
1306 1632 1317 1650 ‚
1350 1606 1443 1658 qui-

25 1654 102 1693 bus
124 1668 188 1693 res
209 1655 374 1706 imperii
394 1653 482 1707 post
501 1654 719 1706 Marcum,
763 1670 899 1710 vsque
922 1655 974 1694 ad
995 1666 1180 1711 tempora
1207 1659 1376 1699 Balbini
1401 1673 1444 1701 et

25 1712 230 1758 lVIaximi,
260 1712 287 1752 i.
311 1726 346 1753 e.
370 1711 579 1750 historiam
601 1714 750 1752 aetatis
770 1711 893 1762 suae,
929 1714 1235 1769 complectitur,
1301 1718 1442 1758 Habe·

26 1784 115 1808 mus
139 1769 265 1807 huius
286 1769 424 1822 operis
457 1767 664 1808 editiones

31 1839 207 1878 Graecas
237 1836 384 1876 Venet.
421 1847 540 1888 1503.
571 1833 646 1876 fol.

246 1894 434 1933 Florent.
464 1908 585 1944 1517.
610 1900 649 1943 8.

249 1950 354 1990 Ven.
379 1963 500 2001 1524.
525 1956 566 1999 8.

248 2008 416 2048 Louan.
442 2016 560 2062 1525.
582 2021 622 2058 4.

249 2063 342 2102 Bas.
369 2074 491 2116 1530.
515 2060 580 2107 1'2.

36 2133 106 2177 Gr.
146 2133 241 2173 Lat.

250 2188 358 2230 Ven.
385 2197 508 2241 1524.
539 2195 575 2234 8.

250 2246 345 2289 Bas.
372 2257 493 2302 1535.
515 2256 554 2294 8.
581 2260 627 2286 ac
649 2246 814 2302 saepius

250 2306 348 2344 Par.
373 2315 495 2359 1581.
519 2314 557 2355 4.

249 2360 388 2416 Lugd.
414 2367 535 2405 1611.
557 2371 597 2410 8·

256 2434 334 2458 nec
372 2421 509 2457 minus
552 2419 604 2458 ob
643 2416 824 2458 indicem
861 2416 1222 2475 locupletiffimum
1257 2414 1450 2480 inpriniis

256 2474 628 2516 commendabilem
652 2486 693 2515 et
713 2477 772 2516 Io.
801 2477 992 2518 Boecleri
1022 2481 1450 2522 animaduersionibus

177 2559 179 2561 ·
259 2541 473 2580 ornatam,
511 2534 690 2572 indicem
723 2543 859 2572 auten·
890 2534 1122 2578 elaborauit
1143 2538 1283 2582 Balth.
1308 2539 1447 2579 Schei-

191 2608 198 2612 ·
256 2590 375 2636 dius,
404 2592 501 2644 Argi
528 2593 645 2632 ¹662.
677 2597 796 2640 1672.
822 2594 942 2645 1694.
967 2586 1011 2643 8.

259 2647 401 2686 Oxon.
430 2651 553 2697 ²678·
580 2650 699 2700 1699.
730 2662 848 2699 17⁰4·
869 2654 909 2698 8.

260 2703 423 2744 Patauii
451 2709 572 2754 1682.
607 2709 645 2753 8.
