1748 3017
212 92 276 144 54
415 80 919 127 HERODIANI
974 75 1467 131 HI'STORIAE

209 188 405 239 imperium
432 190 749 232 detteflauerunt,
783 202 896 237 quum
925 189 1077 238 quidem
1108 192 1255 230 felicius
1283 205 1397 241 quam
1420 193 1656 242 prudentius*

178 236 251 277 *id
276 239 440 287 egissent,
468 239 611 275 euasere
638 240 866 280 incolumes,
909 251 1048 275 euentu
1083 253 1124 276 ac
1155 242 1305 280 fortuna
1334 256 1455 280 rerum
1487 254 1661 290 Vtraque·

176 296 195 332 5
215 289 363 326 confiiia
383 287 683 324 discernentibus.
735 288 806 325 Sed
827 286 887 323 vbi
908 288 980 324 iam
1000 287 1039 324 in
1068 291 1224 327 Galiiam
1255 293 1388 337 Seueri
1409 291 1537 340 copiae
1558 295 1646 339 per-

214 348 410 379 venerunt,
439 338 537 373 leues
567 339 744 383 quaedam
775 338 895 384 primo
919 348 1064 385 pugnae
1082 339 1252 387 qualique
1277 341 1445 378 velitares
1462 341 1619 378 fuerunt
1631 352 1658 375 ε’

213 388 335 423 donec
364 386 547 432 postremo
573 386 666 433 apud
685 388 714 430 t)
736 385 972 433 Lugdunum,
996 399 1162 435 magnam
1189 390 1316 426 vrbem
1348 400 1460 437 atque
1487 388 1663 435 opulen-=

213 447 311 475 tam,
339 435 515 481 praelium
534 433 572 469 in
601 436 766 471 manibus
785 435 868 470 fuit.
920 437 1017 472 Nam
1043 448 1154 481 quum
1183 437 1218 475 se
1245 438 1442 475 moenibus
1471 436 1647 486 tenuisse-t

171 481 197 516 6
217 483 392 524 Albinus,
418 483 598 520 exercitus
624 483 741 519 emilit
766 483 802 518 in
836 495 1007 532 pugnam.
1060 487 1110 521 Vt
1136 498 1223 522 vero
1249 489 1292 524 ad
1317 499 1445 523 manus
1471 496 1645 526 ventum,

218 532 281 569 diu
310 532 457 579 quidem
485 532 908 579 vtrinque‘decertatum
939 533 988 570 est
1015 534 1141 580 aequis
1169 535 1326 577 viribus,
1354 535 1400 571 fic
1420 547 1461 571 vt
1477 534 1659 582 ambiguas·

216 579 389 617 vistoriae
410 581 559 616 fortuna
583 581 784 627 penderet:
814 593 936 628 neque
963 581 1063 618 enim
1081 583 1249 620 Britanni
1280 585 1340 620 vel
1368 583 1480 619 animi
1504 580 1647 632 magni-

173 633 198 667 7
217 630 349 666 tudine
379 631 435 663 vel
466 629 640 665 auiditate
664 632 794 671 caedis,
822 630 976 676 Illyricis
996 631 1249 669 concesserint.
1295 635 1349 668 lta
1372 632 1546 668 conflittu
1575 629 1651 678 pri-

218 692 280 714 mo
307 678 630 716 valentiffimorum
664 680 890 714 exercituum
925 691 1095 716 neutram
1123 681 1162 716 in
1195 693 1334 728 partem
1360 681 1453 718 acies
1488 681 1661 716 inclina-¹

179 726 198 762 8
221 728 292 763 bat.
345 729 467 774 Atque
488 737 526 762 vt
546 727 718 763 nonnulli
747 727 994 771 prodiderunt
1013 729 1090 766 eius
1120 729 1250 766 aetatis
1279 741 1440 771 autores,
1467 731 1532 777 qui
1566 739 1660 765 non·

220 776 264 811 ad
294 775 458 823 gratiam,
488 775 547 811 sed
572 778 616 812 ad
633 775 741 811 fidem
766 776 992 823 loquuntur,
1015 778 1127 826 longe
1150 779 1275 825 potior
1292 779 1369 816 fuit
1386 779 1513 816 Albini
1540 776 1652 818 acies,

219 836 289 871 qua
314 822 351 858 in
374 835 476 869 parte
498 824 649 862 Seuerus
669 826 838 860 curabat:
865 825 910 861 {ic
926 838 964 860 vt
986 826 1124 874 fugerit
1144 840 1314 875 quoque,
1336 840 1373 864 et
1394 829 1437 864 ab
1467 839 1566 875 equo
1586 827 1651 863 de·

176 877 199 912 9
220 872 363 912 nider-it,
392 872 605 919 abiectoque
633 874 895 919 paludamento
913 875 1118 913 delituerit.
1171 878 1243 912 Sed
1271 876 1554 924 insequentibus
1575 875 1666 912 iam‘

218 920 537 967 vitulantibusque
551 922 748 965 Britannis,
774 935 840 959 ceu
863 924 969 971 plane
987 924 1207 967 vistoribus,
1235 925 1434 972 apparuisse
1456 925 1668 970 extemplo'

220 971 372 1006 Laetum
392 969 517 1006 Seueri
537 971 691 1011 ducem,
719 983 804 1007 cum
821 984 858 1008 eo
885 974 942 1008 cui
958 982 1132 1022 praeerat
1155 974 1296 1009 recenti
1325 975 1443 1011 adhuc
1470 973 1652 1013 exercitu,

156 1022 204 1048 10
221 1029 257 1054 et
279 1021 339 1065 qui
364 1028 472 1054 extra
492 1029 644 1068 pugnam
656 1022 799 1068 fuerat.
856 1023 893 1069 u)
918 1023 1057 1069 quippe
1078 1023 1171 1058 male
1199 1022 1327 1064 audiit,
1352 1021 1451 1070 quali
1471 1032 1670 1059 euentum‘

219 1079 362 1114 pugnae
386 1067 653 1111 expeflauerit,
690 1071 878 1107 cunstatus
907 1073 953 1108 de
989 1070 1163 1107 industria
1194 1081 1341 1108 retento
1372 1071 1514 1113 milite,
1541 1081 1582 1106 vt
1610 1068 1667 1107 si-¹⁴

222 1116 336 1152 bimet
356 1116 551 1161 imperium
580 1117 810 1154 vindicaret.-
840 1118 1019 1166 liquidem
1047 1132 1126 1155 non
1155 1119 1254 1164 prius
1281 1120 1318 1156 in
1340 1132 1496 1168 pugnam
1524 1129 1654 1166 protu-

158 1168 199 1194 11
224 1165 268 1200 lit
295 1165 440 1211 pedem,
467 1177 574 1210 quam
601 1167 663 1201 vbi
693 1169 849 1204 Seuerus
878 1167 1043 1203 cecidisse
1071 1168 1276 1205 nuntiatus.
1329 1170 1454 1211 Quam
1481 1167 1659 1215 suspicio-

222 1225 308 1248 nem
332 1212 442 1248 etiam
474 1214 609 1249 deinde
646 1226 804 1252 euentus
834 1216 1062 1262 approbauit.
1112 1217 1248 1263 quippe
1276 1218 1384 1253 rebus
1411 1218 1583 1253 omnibus
1611 1227 1658 1252 ex

222 1261 408 1297 sententia
434 1274 521 1297 mox
541 1263 767 1310 compositis,
792 1274 902 1310 atque
923 1264 961 1300 in
989 1265 1142 1301 maxima
1165 1264 1358 1302 securitate
1377 1266 1517 1311 agitans
1540 1267 1669 1301 Seue-1

223 1321 305 1350 rus,
330 1321 442 1357 quum
471 1310 621 1357 quidem
650 1322 813 1348 caeteros
841 1313 928 1348 belli
961 1315 1071 1350 duces
1110 1314 1250 1360 magnis
1276 1313 1446 1350 affeciffet
1474 1313 1659 1361 praemiis,

224 1359 378 1394 Laetum
398 1358 514 1404 ipsum
534 1370 656 1396 tamen
683 1362 738 1406 (vt
770 1373 829 1406 par
848 1361 946 1402 fuit)
972 1374 1114 1398 memor
1143 1362 1389 1409 proditionis,
1416 1374 1536 1399 morte
1564 1361 1662 1398 mul-

163 1415 205 1439 12
226 1406 345 1443 tiauit.
360 1407 421 1443 sed
442 1408 502 1444 ista
523 1410 669 1455 quidem
691 1410 767 1453 post
789 1410 910 1445 fuere:
939 1422 1028 1447 tunc
1046 1422 1168 1447 autern
1186 1411 1383 1457 consperto
1406 1413 1463 1457 (vt
1481 1409 1666 1456 diximus)-

226 1457 356 1495 Laeto,
383 1471 458 1492 cum
478 1458 613 1492 recenti
628 1459 740 1493 adhuc
755 1460 926 1499 exercitu,
954 1459 1033 1505 spes
1051 1459 1174 1495 addita
1193 1460 1400 1495 Seuerianis
1420 1459 1488 1495 est:
1516 1471 1557 1495 ac
1576 1459 1660 1496 sub-

165 1510 205 1547 13
227 1505 321 1540 latus
345 1504 381 1540 in
400 1518 532 1553 equum
555 1507 723 1547 Seuerus,
751 1518 789 1542 et
814 1507 1074 1553 paludamento
1103 1506 1287 1554 purpureo
1311 1509 1569 1544 circumdatus.
1606 1507 1659 1543 At

226 1551 431 1594 Albiniani,
450 1553 521 1590 iarn
540 1554 575 1590 se
595 1554 748 1592 vistores
768 1556 848 1598 rati,
866 1556 1025 1592 confufis
1043 1557 1251 1600 ordinibus,
1271 1557 1449 1593 incitante
1472 1557 1508 1593 se
1532 1557 1572 1593 in
1593 1567 1662 1593 eos

227 1603 274 1639 de
304 1602 502 1647 improuiso
529 1603 646 1639 valida
676 1604 892 1651 recentique
922 1604 1080 1641 hostium
1109 1619 1242 1646 manu,
1269 1619 1384 1654 quum
1414 1606 1563 1654 paulum
1585 1605 1662 1652 pri-²

162 1652 207 1686 14
227 1663 289 1686 mo
321 1650 549 1693 reststiffem,
582 1662 683 1700 terga
711 1652 859 1689 demum
885 1664 1090 1690 verterunt.
1141 1655 1257 1690 Fusos
1293 1655 1406 1703 igitur
1430 1655 1659 1704 fugatosque
1685 1682 1694 1685 Α

225 1711 288 1736 eos
317 1698 524 1745 persequuti
544 1701 744 1743 Seueriani,
773 1714 900 1751 magna
918 1702 1014 1739 edita
1034 1702 1158 1751 strage,
1181 1705 1225 1740 ad
1243 1705 1371 1740 vrbem
1399 1704 1512 1751 ipsam
1532 1702 1661 1751 peru‘e-

165 1748 205 1780 15
229 1758 373 1783 nerunt.
426 1749 641 1785 Occisorum
662 1750 836 1798 vtrinque
864 1762 928 1787 aut
946 1752 1182 1797 captiuorum
1217 1764 1407 1795 numeru5‚
1429 1751 1527 1788 varie
1547 1762 1662 1800 prout

166 1790 209 1823 ¹⁶
230 1795 343 1831 visum
364 1796 440 1833 eius
472 1797 598 1834 aetatis
627 1798 886 1844 scriptoribus,
911 1800 1094 1848 proditur.
1147 1800 1298 1849 Direpta
1322 1814 1409 1838 mox
1429 1800 1666 1848 ‚incensaque

225 1846 268 1889 x)
288 1844 527 1891 Lugdunum,
555 1857 593 1882 et
618 1847 755 1883 Albino
785 1860 895 1894 caput
922 1848 1109 1885 abscissum
1131 1852 1384 1898 perlatumque
1415 1850 1463 1887 ad.
1478 1851 1660 1887 Seuerum

227 1893 287 1929 est.
339 1896 390 1929 lta
419 1894 493 1931 duo
517 1895 668 1930 maxima
700 1895 853 1932 excitata
890 1898 1066 1943 trophaea
1095 1901 1138 1935 ad
1165 1899 1352 1936 orientem
1372 1911 1412 1934 ac
1437 1897 1662 1944 septentrio-

164 1945 207 1978 17
228 1955 311 1977 nes:
334 1941 379 1977 fic
399 1943 722 1992 vtnihillit,quod
735 1958 818 1981 cum
833 1946 956 1983 Seueri
969 1947 1519 1985 contentionibusautviaoriis
1531 1947 1663 1984 confe-

225 2002 300 2032 ras,
329 1990 402 2027 siue
428 1992 616 2038 copiarum
643 1993 939 2036 multitudinem,
962 1994 1035 2031 fiue
1060 1996 1254 2033 nationum
1278 2009 1416 2040 motus,
1444 1995 1515 2033 fiue
1534 2009 1662 2033 nume-

225 2051 307 2075 rum
326 2051 542 2087 pugnarum,
570 2040 643 2079 flue
665 2041 840 2079 itinerum
869 2044 1143 2089 longitudinem
1171 2046 1477 2091 celeritatemque
1495 2043 1662 2082 confide-

163 2088 205 2122 18
225 2101 295 2123 res.
342 2090 436 2125 Nam
456 2089 617 2126 Caesaris
639 2092 788 2138 quidem
817 2104 874 2128 res
902 2093 1073 2130 aduersus
1097 2095 1328 2141 Pompeium,
1358 2097 1525 2132 Romano
1546 2095 1662 2132 vtrin-

226 2147 299 2182 que
320 2137 450 2177 milite,
478 2151 628 2186 magnae
658 2139 820 2184 profesto
849 2140 1022 2178 fuerunt:
1051 2141 1143 2180 item
1169 2143 1320 2192 Augusti
1345 2143 1513 2180 aduersus
1540 2144 1662 2179 Anto-

225 2184 332 2221 nium
360 2197 422 2222 aut
442 2187 606 2234 Pompeii
625 2187 773 2232 liberm,
800 2200 840 2227 et
860 2202 953 2237 quae
971 2201 1078 2236 antea
1106 2204 1125 2228 a
1148 2193 1247 2240 Sylla
1270 2191 1468 2240 Marioque
1486 2190 1662 2229 ciuilibus

277 2301 311 2342 ¹)
335 2298 479 2353 {sortasse
498 2302 708 2344 Londinum;
729 2316 768 2342 vt
785 2319 829 2343 ex
841 2306 918 2356 sqq.
967 2317 1086 2350 naret,
1114 2317 1195 2344 tum
1216 2308 1364 2344 demum
1383 2306 1487 2344 fuisse
1505 2307 1664 2354 conspe-i

227 2349 381 2394 patebit.
412 2350 553 2395 Gryph.
589 2352 644 2386 ed.
673 2353 761 2398 Sylb.
966 2357 1083 2397 stum,
1131 2369 1244 2404 quum
1280 2358 1454 2393 Seuerum
1494 2356 1662 2395 cecidiss'e

272 2398 308 2442 u)
334 2396 424 2432 Eum
451 2409 572 2434 autem
603 2407 792 2443 actuum,
821 2402 917 2450 quali
967 2405 1165 2443 intellexit.
1215 2404 1340 2441 Fidem
1361 2418 1448 2442 vei-0
1471 2405 1581 2442 huius
1598 2417 1658 2442 ac·

226 2455 404 2498 euentum
420 2458 560 2493 pugnae
573 2448 918 2494 exspeuauerieim-
967 2453 1164 2489 cusationis
1189 2453 1279 2488 facit
1306 2464 1488 2494 euentus,
1517 2454 1538 2489 i.
1567 2467 1600 2491 e.
1619 2452 1662 2490 fi-

227 2505 372 2544 minens
402 2493 597 2548 occasioni,
624 2509 659 2532 et
679 2500 723 2533 de
748 2499 919 2538 industria
967 2505 1050 2539 dem
1073 2501 1182 2538 huius
1208 2502 1274 2544 rei,
1298 2503 1343 2539 de
1363 2515 1434 2550 qua
1461 2502 1537 2540 fuit
1555 2514 1662 2541 accu-

226 2544 415 2594 cunt'latus
449 2546 505 2577 lit:
542 2556 603 2585 ae,
643 2558 756 2591 quum
787 2550 919 2585 exerci-
967 2551 1074 2588 satus.
1114 2551 1233 2599 Steph.

229 2600 322 2630 tum,
345 2602 404 2625 cui
429 2603 604 2636 praeerat,
630 2605 815 2632 recentem
844 2597 916 2633 ser·
1013 2600 1054 2644 x)
1068 2598 1256 2636 Londinum
1277 2612 1342 2647 pro
1353 2601 1556 2649 Lugdunum
1573 2599 1660 2639 scri-

229 2638 351 2681 vaffct,
375 2641 477 2687 quod
512 2639 574 2678 fibi
599 2642 794 2691 imperium
814 2645 918 2685 desti.
967 2657 1074 2698 ptum
1093 2646 1133 2686 in
1161 2648 1253 2687 edit.
1275 2650 1421 2698 Gryph.
1448 2650 1538 2698 Sylb.
