1707 3029
530 137 703 183 -LIB
741 135 854 182 ER
929 135 1027 180 VII.
1404 135 1551 176 'tas‘

82 254 211 304 quoad
241 254 279 290 in
312 252 544 300 Capitolium
571 252 825 299 pertulerunt,
867 250 1009 298 populo
1050 246 1203 285 subinde
1229 247 1454 285 acclamante
1484 260 1523 285 et

87 305 358 353 conspertzente
378 314 531 349 puerum
553 301 763 337 frondibus.
815 301 942 344 Quum
964 300 1088 345 itaque
1109 297 1254 334 senatus
1272 298 1450 334 caesarem
1479 298 1520 333 il-
1543 303 1584 338 16

86 354 163 391 lum
186 346 415 392 dec'larass‘et,
444 350 594 397 quando
613 350 730 387 adhuc
752 362 817 396 per
849 359 1004 386 aetatem
1027 360 1140 394 remp.
1159 358 1286 394 gerere
1304 356 1382 381 non
1411 358 1521 392 pote-

88 413 167 445 rat,
195 414 233 439 et
253 402 328 438 irae
349 399 599 436 multitudinis
619 399 847 440 wieder-ant,
867 397 950 444 paffi
968 396 1144 434 videlicet
1162 395 1306 434 suntin
1324 395 1442 433 aulam
1453 408 1520 445 pa-

89 452 240 491 latinam
261 450 366 487 senes
385 450 624 498 imperatores
642 448 896 497 commigrare.

769 565 832 600 Xl.

85 630 175 701 Sed
196 630 328 669 incidit
354 644 418 680 per
436 643 501 668 eos
519 629 597 668 dies
614 629 760 668 ciuitati
780 631 885 668 Rom.
906 629 1046 667 funesta
1067 628 1278 668 calamitas,
1303 638 1381 664 orta
1407 625 1453 664 de
1465 626 1522 663 ni-

153 681 223 718 mia
244 683 407 718 duorum
426 680 636 717 senatorum
658 680 821 716 audacia.
873 683 906 722 e)
934 681 1029 716 Nam
1050 691 1162 727 quum
1189 678 1333 714 senatus
1366 680 1517 712 habere·
1540 697 1560 720 2

85 741 146 768 tur
167 729 213 766 de
233 730 387 778 publicis
406 730 588 779 negotiis,
615 729 690 766 duo
712 743 755 766 ex
779 729 958 766 militibus
977 727 1192 768 Maximini,
1222 739 1318 772 quos
1345 727 1382 762 in
1402 726 1520 761 castris
1541 745 1559 782 3

86 770 310 827 reliquerat,
336 780 509 816 emeritae
532 778 602 827 iam
621 779 752 816 aetatis
766 804 777 821 ,
804 779 850 814 ad
870 778 968 814 fores
987 779 1107 814 curiae
1126 777 1369 816 accesserunt,
1397 776 1520 821 explo—
1540 796 1562 830 4

87 839 222 870 ratum,
243 841 337 877 quae
362 839 603 878 gererentur:
640 828 799 865 inermes
828 827 1023 868 videlicet,
1053 837 1274 873 tantumque
1306 824 1522 862 subarmali-

86 877 156 915 bus
176 890 214 914 et
231 878 324 926 sagis
345 877 480 914 induti.
530 876 912 914 Constiterantautem
935 877 1068 922 pariter
1087 888 1170 912 cum
1190 877 1329 924 reliqua
1353 875 1522 909 multitu·
1543 892 1563 927 ς

87 925 194 962 dine:
220 926 283 964 sed
303 927 454 964 caeteris
475 938 561 962 ante
581 926 678 963 fores
699 927 1024 973 praestolantibus,
1050 927 1124 962 duo
1145 937 1268 961 tresue
1286 924 1329 959 ad
1339 923 1393 970 f)
1424 926 1521 958 lurn-

87 987 189 1015 mum
210 975 422 1013 curiosiores
444 974 642 1017 audiendi,
671 976 809 1013 curiam
830 976 994 1025 ingreffi,
1017 973 1062 1010 fic
1086 983 1125 1010 vt
1142 976 1231 1011 vltra
1253 986 1348 1009 aram
1371 984 1524 1020 quoque
1547 1017 1555 1025 1

88 1024 276 1061 Viftoriae
299 1036 547 1071 penetrarent.
600 1025 659 1060 hic
680 1025 829 1062 senator
851 1025 1018 1072 quidam,
1045 1021 1214 1069 deposito
1240 1036 1361 1068 nuper
1389 1022 1521 1058 consu·
1541 1028 1563 1063 6

89 1074 192 1114 latu,
220 1074 433 1112 Gallicanus
453 1073 630 1116 nomine,
659 1087 698 1109 ac
721 1086 856 1123 genere
884 1072 1214 1121 Carthaginienlis,
1239 1074 1409 1118 alterque
1433 1072 1523 1106 item

89 1123 319 1170 praetorius,
358 1125 574 1164 Maecenas,
627 1123 723 1159 nihil
753 1124 826 1159 tale
848 1122 1084 1168 expenantes
1108 1120 1267 1164 milites,
1318 1132 1524 1167 manusque

89 1171 208 1208 adhuc
221 1172 280 1208 sub
299 1172 428 1222 sagulis
449 1174 646 1214 habentes,
688 1183 847 1219 repente
864 1172 1000 1208 adactis
1022 1173 1060 1208 in
1083 1171 1190 1206 corda
1219 1170 1442 1219 pugionibus
1470 1168 1525 1204 in-

92 1219 291 1257 terficiunt.
339 1222 486 1258 Etenim
510 1222 632 1257 omnis
653 1221 797 1257 senatus
812 1246 823 1261 ‚
850 1221 898 1257 ob
917 1231 1104 1258 recentem
1132 1219 1355 1256 seditionem
1386 1218 1523 1255 tumul·
1541 1236 1565 1271 7

89 1280 245 1316 tumque
267 1269 507 1317 superiorem,
530 1270 591 1305 alii
612 1270 811 1317 propalam,
839 1282 918 1316 pars
939 1268 1150 1305 clanculum
1173 1269 1311 1318 gladios
1334 1271 1523 1315 gerebant,

89 1318 221 1362 quibus
243 1319 340 1354 suam
361 1317 517 1366 quisque
536 1319 691 1356 salutem
709 1319 754 1355 ab
781 1317 1017 1355 inimicorum
1047 1317 1187 1354 insidiis
1213 1328 1419 1354 tuerentur.
1471 1319 1524 1352 Ita
1545 1328 1564 1362 g

89 1365 177 1402 caeli
199 1367 348 1409 milites,
375 1368 476 1415 quod
501 1367 534 1404 se
553 1368 599 1404 de
620 1366 825 1414 improuiso
847 1367 1050 1404 defendere
1067 1368 1163 1404 haud
1182 1368 1400 1415 quiuerant‚
1437 1378 1524 1414 pro-

88 1414 186 1452 strati
205 1419 348 1466 anteg)
371 1416 492 1454 altaria
515 1418 693 1454 iacebant.
745 1418 835 1458 Quo
854 1417 954 1459 viso,
978 1415 1115 1453 caeteri
1143 1416 1336 1453 confestim
1367 1427 1523 1462 expaue·
1542 1432 1564 1466 9

85 1463 172 1501 fatti
191 1465 488 1503 commilitonum
511 1465 667 1504 interitu
682 1492 692 1507 ‚
716 1465 900 1514 fimulque
925 1466 1054 1513 populi
1076 1464 1298 1505 concursum
1318 1465 1522 1501 formidan-

86 1525 166 1556 tes,
201 1515 302 1562 quod
325 1526 428 1552 erant
445 1516 626 1558 inermes,
664 1515 792 1564 fugam
812 1516 1007 1564 arripuere.
1085 1516 1278 1552 Caeterum
1309 1513 1522 1550 Gallicanus
1545 1530 1591 1556 10

85 1564 220 1610 raptim
245 1564 280 1600 se
301 1565 402 1601 curia
422 1566 461 1601 in
486 1565 644 1601 mediam
663 1563 943 1603 multitudinem
968 1564 1197 1611 proripiens,
1224 1564 1462 1613 gladiumque
1483 1573 1523 1599 et
1573 1588 1577 1594 -

86 1617 248 1649 manum‘
266 1613 463 1650 stillantem
495 1613 670 1663 sanguine
688 1617 889 1656 ostentans,
928 1615 972 1650 ad
984 1615 1260 1661 perlequendos
1280 1614 1525 1649 occidendos—

86 1672 160 1709 que
179 1663 323 1699 senatus
344 1663 550 1711 populique
573 1663 730 1701 Romani
750 1664 894 1706 hostes,
923 1663 1059 1700 amicos
1087 1663 1283 1710 sociosque
1313 1662 1525 1703 Maximini,

86 1711 220 1766 vulgus
239 1711 510 1750 adhortabatur.
563 1712 709 1761 Qibus
727 1715 838 1750 rebus
861 1712 1005 1750 indutu
1027 1712 1152 1759 plebs,
1180 1711 1415 1750 Gallicanum
1445 1713 1523 1749 fau·
1548 1729 1587 1756 η

88 1758 149 1795 stis
168 1760 306 1808 excipit
323 1761 647 1799 acclamationibus
660 1788 670 1805 ,
699 1763 910 1810 militesque
937 1762 1122 1810 lapidibus
1150 1761 1311 1804 incestis,
1351 1773 1373 1808 q
1385 1774 1407 1797 u
1420 1776 1435 1796 a
1449 1773 1463 1798 t
1475 1775 1495 1797 e
1509 1781 1523 1787 -

88 1819 173 1846 nus
198 1809 302 1847 licuit
322 1810 551 1858 persequuta.
602 1814 798 1848 Caeterum
812 1838 822 1854 ,
844 1824 958 1857 quum
979 1811 1015 1848 se
1037 1810 1092 1847 illi
1117 1811 1157 1847 in
1176 1811 1284 1847 castra
1304 1810 1525 1858 recipilsent,
1547 1829 1590 1856 12

91 1857 217 1904 paucis
236 1861 498 1897 tantummodo
520 1860 737 1903 vulneratis,
763 1860 888 1897 claufis
913 1859 1045 1909 portis,
1060 1857 1258 1908 *armisque
1277 1862 1441 1907 arreptis,
1469 1872 1524 1895 ca-

89 1905 244 1944 strorum
268 1908 415 1944 moenia
436 1909 688 1947 defensabant.
736 1912 874 1946 Verum
897 1910 1112 1946 Gallicanus
1137 1910 1285 1958 quando
1307 1909 1416 1946 semel
1445 1920 1526 1945 tan·
1547 1928 1588 1968 ¹3

91 1964 171 2011 tum
193 1955 336 1993 facinus
354 1957 456 1994 ausus
472 1958 613 2000 fuerat,
639 1959 775 1996 bellum
797 1960 970 2006 protinus
990 1958 1103 1995 ciuile
1122 1969 1233 2006 atque
1250 1959 1423 1995 omnibus
1444 1971 1524 2005 per·-

90 2005 271 2058 fuciosum
293 2005 491 2043 suscitauit.
542 2007 682 2055 quippe
721 2008 817 2045 iuliis
848 2007 993 2055 effringi
1023 2007 1184 2056 publicis
1218 2008 1525 2046 armamentariis,
1547 2023 1590 2060 14

89 2063 131 2088 m
145 2055 278 2109 quibus
292 2067 450 2102 pompae
460 2057 575 2103 magis
595 2056 846 2098 instrumenta,
873 2069 982 2104 quam
1005 2056 1102 2098 belli,
1123 2056 1404 2097 afferuabantur‚
1429 2055 1526 2092 vnde

89 2100 153 2138 fibi
174 2114 327 2151 quisque
353 2104 621 2142 munimentum
642 2105 812 2152 corporis
830 2107 1148 2146 accommodaret,
1190 2106 1405 2152 apertisque
1434 2104 1526 2141 item

90 2152 331 2199 gladiatorum
354 2153 472 2196 ludis,
498 2165 608 2199 atquc
627 2167 858 2203 vnoquoque
884 2153 1044 2202 propriis
1071 2154 1179 2189 armis
1207 2164 1364 2191 ornato:
1419 2166 1524 2201 prae·
1547 2175 1590 2212 ¹5

88 2211 189 2238 terea
213 2201 375 2244 cunstis,
398 2213 642 2251 quaecuuque
660 2203 920 2242 intrafdomos
948 2213 1012 2239 aut
1038 2201 1201 2238 officinas
1230 2203 1368 2246 essent,
1402 2203 1524 2246 hastis,

86 2249 218 2299 gladiis
238 2263 279 2287 ac
299 2250 487 2289 securibus
506 2252 679 2300 direptis,
701 2265 816 2302 quum
835 2253 873 2299 h)
894 2251 1074 2302 quicquid
1096 2263 1327 2297 occurrerat,
1359 2253 1465 2290 furor
1484 2254 1525 2289 in

137 2367 172 2409 e)
200 2366 309 2408 Nam,
338 2379 421 2405 curn
435 2380 566 2405 omnes
589 2368 627 2405 in
642 2367 782 2405 curiam
834 2367 1018 2416 ligerent,
1062 2365 1155 2416 quid
1185 2377 1374 2416 ageretur:
1418 2367 1528 2404 armis

91 2416 371 2461 conueniss'ent‚
403 2428 446 2454 vt
467 2419 513 2454 de
540 2431 664 2454 rerum
691 2418 783 2465 ‘statu
834 2427 958 2453 tamen
979 2415 1096 2457 nudi,
1122 2415 1322 2465 (implicem
1349 2427 1422 2465 que
1445 2428 1527 2453 tan-

89 2463 336 2511 dispicerent,
360 2478 402 2503 ea
419 2479 458 2502 re
477 2478 665 2514 comperta
685 2465 780 2503 mili·
833 2466 1030 2504 tummodo
1055 2466 1189 2503 vestem
1210 2478 1251 2502 ac
1279 2467 1441 2503 lacernas
1469 2466 1528 2506 in-

90 2523 169 2556 tes,
214 2527 307 2563 quos
335 2515 371 2552 in
410 2516 528 2553 castris
554 2516 782 2555 Maximinus
833 2515 926 2558 duri,
966 2516 1056 2562 Sytb.

90 2563 308 2611 reliquerat,
334 2565 490 2614 (quippe
510 2565 781 2613 propemodum
869 2567 924 2614 f)
949 2577 985 2614 q.
1008 2577 1040 2602 c.
1060 2563 1250 2602 summam.
1276 2565 1368 2613 &lb-

90 2613 286 2656 emeritos,
333 2625 374 2651 ac
401 2628 466 2662 per
493 2626 648 2651 aetatem
678 2614 779 2651 domi
873 2618 919 2662 g)
945 2626 1067 2655 aram,
1093 2615 1238 2651 Memm.

90 2672 278 2700 ’emanere
301 2664 523 2711 permissos,)
559 2664 782 2701 accesserunt
881 2665 916 2712 b)
945 2662 1199 2712 quodcunque
1233 2672 1444 2699 occurreret
1471 2658 1529 2699 in.

91 2718 210 2757 'sque
228 2713 271 2750 atl
290 2713 430 2752 aditum
446 2715 583 2756 curiae,
610 2725 650 2752 vt
668 2714 783 2751 intel⁶
833 2714 1072 2752 strumentum
1088 2726 1130 2750 ex
1145 2713 1281 2750 idonea
1296 2711 1341 2748 ad
1363 2722 1528 2760 pugnam
