1707 3140
632 117 936 163 LIBER
1024 115 1058 162 Ι.
1515 132 1579 162 21

127 225 289 274 n'ffimum
313 224 472 262 Romani
499 224 662 263 inuicem
688 227 724 264 se
755 229 888 266 colunt
907 228 1154 275 salutantque,
1184 239 1223 265 et
1240 228 1462 266 nomismata
1491 231 1585 267 alter

125 278 247 320 alteri,
275 278 308 322 c)
329 286 546 322 caeteraque
574 275 810 314 omnifariam
843 291 996 315 munera
1018 278 1214 322 miffitant,
1239 278 1446 327 summique
1464 279 1576 328 magi-

122 328 248 364 stratus
275 325 510 371 conspicuam
535 323 597 361 {ibi
638 337 676 362 et
704 327 901 364 solennem
938 339 1137 375 purpuram
1176 329 1359 365 induunt:
1405 313 1621 365 νηίιιετίῐς8

124 376 222 415 diem
242 374 603 419 concelebrantibus,
626 375 752 412 statuit
775 378 1007 414 Commodus
1039 390 1119 417 non
1141 376 1293 424 quidem
1314 391 1357 414 ex
1377 377 1581 424 imperato-
1614 399 1617 401 >

122 425 188 462 riis
222 425 288 470 (vt
317 436 398 460 mos
427 426 527 468 erat)
554 425 729 467 aedibus,
776 427 836 464 sed
867 441 911 463 ex
943 427 1023 473 ipso
1051 427 1274 474 gladiatorio
1304 427 1394 463 ludo
1426 425 1577 473 prodire

122 476 163 512 in
188 475 399 522 publicum,
433 484 474 508 ac
502 485 566 519 pro
596 474 759 522 eleganti
786 475 932 517 vestitu,
959 488 1196 525 purpuraque
1215 475 1464 524 imperatoria,
1489 487 1575 523 pro-

121 525 254 561 cedere
283 533 464 564 armatus,
508 521 715 560 deducente
753 526 998 573 gladiatorum
1035 527 1203 574 agmine,
1251 525 1290 561 in
1332 526 1573 572 conspertum

120 572 277 611 Romani
314 571 454 624 populi.
535 573 646 619 Qod
690 573 752 609 vbi
800 574 992 612 consilium
1037 575 1143 610 suum
1178 574 1222 610 ad
1259 575 1433 613 Martiam
1471 565 1614 611 retu-9

115 625 185 666 lit,
220 635 330 667 vnam
369 635 390 657 e
424 620 494 656 luis
523 622 770 664 concubinis,
799 624 859 660 cui
890 624 1030 661 scilicet
1059 624 1255 670 plurimum
1279 623 1490 664 deferebat,
1527 635 1571 658 ac

115 685 233 722 prope
254 671 377 708 vxoris
406 683 486 707 eam
516 671 601 707 loco
624 672 794 715 habebat,
823 673 871 709 fic
896 685 936 710 vt
966 684 1110 721 praeter
1135 673 1257 721 ignem
1290 685 1418 709 omnes
1442 674 1567 709 hono-
1607 695 1610 699 -

117 734 196 764 res,
224 723 331 758 velut
360 720 540 768 Augustae
554 725 569 762 ,'
601 721 875 758 tribuerentur:
924 723 1114 760 intelletto
1145 721 1278 759 mulier
1304 735 1377 758 tam
1409 723 1564 759 absurdo
1589 715 1635 740 ¹⁰

116 770 296 820 turpique
316 769 484 811 cornilio,
506 771 663 818 primum
687 783 790 808 orare
822 772 950 809 multis
978 771 1164 820 lacrymis,
1189 772 1418 820 supplexque
1436 772 1480 806 ad
1500 783 1565 819 ge-

113 832 190 858 nnav
219 819 400 862 accidere,
427 832 475 856 ne
503 830 568 856 aut
592 820 801 856 Romanum
831 822 1025 869 imperium
1049 824 1090 865 d)
1120 822 1241 869 pollui
1270 832 1476 869 pateretur,
1501 833 1566 858 aut

114 871 192 919 ipl'e
210 870 323 906 vitam
345 869 442 907 suam
463 869 618 915 perditis
636 882 677 905 ac
694 871 897 916 deploratis
914 868 1128 908 hominibus
1145 883 1216 908 tam
1240 869 1444 918 periculose
1461 882 1563 905 com-

111 920 294 957 mitteret.
348 918 421 954 Sed
442 930 557 966 quum
575 919 636 954 diu
649 919 879 968 supplicando
900 919 994 956 nihil
1009 920 1236 969 profecisset,
1266 921 1471 968 lacrymans
1490 919 1558 955 dis-
1583 908 1629 934 Π

111 969 224 1006 cessit.
275 969 341 1006 Ille
363 967 587 1014 praefectum
608 969 854 1011 exercitibus,
880 972 1033 1006 Laetum
1055 969 1224 1012 nomine,
1257 980 1294 1006 et
1314 968 1478 1006 mestum
1499 981 1560 1006 cu—
1582 959 1628 985 ¹²

112 1019 227 1056 biculi
249 1018 450 1057 custodem,
478 1017 522 1052 ad
552 1016 585 1053 se
603 1017 754 1060 accitos,
778 1031 903 1065 parare
924 1021 1028 1058 iubet
1048 1019 1087 1055 in
1107 1021 1196 1056 ludo
1219 1018 1297 1066 ipso
1319 1017 1558 1066 gladiatorio,

111 1081 186 1116 quo
208 1068 244 1104 se
274 1067 480 1104 dormitum
510 1066 686 1112 recipiat:
715 1079 760 1104 vt
786 1067 892 1105 illinc
920 1071 964 1104 ad
990 1067 1267 1105 sacrificandum
1296 1081 1401 1103 manc
1430 1080 1558 1114 proce·
1620 1090 1622 1093 ·

87 1119 230 1159 ,deren
257 1129 297 1153 ac
317 1117 353 1153 se
372 1126 552 1152 armatum
573 1116 743 1153 Romano
765 1119 912 1164 populo
933 1118 1147 1154 ostentaret.
1193 1119 1228 1162 e)
1246 1117 1305 1154 llli
1325 1116 1450 1152 multis
1469 1129 1556 1164 pre·
1580 1101 1623 1141 ¹3

109 1168 213 1204 cibus
232 1166 447 1215 persuadere
472 1167 680 1207 tentabant,
703 1178 752 1203 ne
773 1165 864 1212 quid
889 1168 1085 1215 indignum
1108 1167 1277 1215 principe
1299 1178 1507 1204 conaretur.

174 1310 282 1346 uibus
293 1307 349 1354 f)
370 1308 616 1351 commodus,
637 1308 690 1351 ira
710 1311 889 1357 percitus,
911 1310 1084 1351 facessere
1111 1311 1156 1347 ab
1185 1309 1221 1347 se
1244 1310 1351 1352 iussu,
1378 1308 1496 1346 statim
1516 1309 1558 1347 in

224 1360 437 1396 cubiculum
457 1357 634 1400 reuersus,
660 1360 1042 1407 vt‚quemadmodum
1063 1360 1320 1401 consueuerat,
1347 1359 1558 1395 meridiare-

104 1421 188 1451 tur,
212 1409 335 1445 sumto
365 1410 404 1446 in
434 1421 566 1445 manus
587 1407 732 1449 libello,
761 1410 886 1457 quales
905 1411 950 1446 de
965 1412 1012 1458 g)
1033 1410 1178 1457 philyra
1212 1408 1412 1446 tenuiffimi
1442 1420 1555 1455 atque

102 1461 145 1496 in
171 1470 365 1505 vtramque
394 1470 536 1506 partem
559 1458 789 1505 replicabiles
811 1457 923 1498 fiunt,
951 1460 1157 1496 conscribit
1181 1459 1220 1495 in
1246 1472 1290 1494 eo
1309 1459 1554 1505 quoscunque

104 1509 165 1545 illa
197 1508 308 1544 noae
334 1506 546 1546 interficere
574 1507 832 1546 destinauerat.
890 1510 943 1546 Ex
971 1509 1107 1556 quibus
1146 1509 1263 1556 prima
1297 1519 1376 1544 erat
1407 1494 1594 1548 Μειτείει,2

103 1572 192 1597 mox
221 1559 356 1595 Laetus
385 1569 497 1605 atque
527 1556 694 1593 mestus:
737 1557 816 1605 post
844 1559 914 1594 hos
945 1559 1076 1607 ingens
1105 1570 1236 1595 eorum
1263 1569 1462 1598 numerus,
1485 1555 1549 1603 qui
1570 1591 1587 1603 ,,

103 1608 305 1655 plurimum
333 1606 542 1644 autoritatis
564 1607 601 1642 in
622 1606 748 1644 senatu
772 1606 1008 1644 obtinebant.
1056 1606 1246 1655 Siquidem
1276 1607 1377 1644 senes
1406 1607 1444 1650 h)
1464 1606 1548 1642 vni·
1568 1605 1587 1628 ³

99 1658 224 1695 uersos
245 1668 419 1704 paternos
446 1657 583 1692 amicos
612 1657 748 1693 tollere
777 1670 797 1692 e
819 1657 967 1698 medio,
994 1670 1042 1693 ne
1063 1657 1211 1693 censura
1231 1658 1379 1693 illorum
1403 1655 1466 1691 sua
1493 1655 1551 1691 in-

100 1708 388 1754 terpellarentur
416 1705 552 1755 flagitia
567 1732 575 1746 ,
601 1706 775 1752 bonaque
801 1706 876 1753 ipsa
895 1706 1058 1747 diuitum
1086 1706 1249 1754 dilargiri
1269 1705 1399 1753 partim
1419 1704 1551 1740 militi-

100 1757 183 1799 bus,
209 1757 340 1802 partim
354 1756 631 1806 gladiatoribus,
659 1757 895 1792 decreuerat:
919 1768 960 1793 vt
979 1756 1083 1792 alteri
1105 1755 1142 1792 se
1161 1755 1421 1795 defenderent,
1442 1753 1549 1795 alteri

99 1807 335 1853 oblectarent.
395 1807 485 1847 Eum
515 1804 628 1852 igitur
659 1805 828 1842 libellum
858 1804 909 1845 ita
938 1804 1212 1853 conscriptum,
1240 1805 1347 1852 supra
1373 1804 1547 1840 lectulum
1567 1837 1583 1846 ,,

99 1856 283 1902 deposuit,
315 1856 504 1891 neminem
528 1854 572 1889 ad
593 1854 627 1889 se
647 1855 891 1892 introiturum
923 1854 1142 1902 suspeuans.
1196 1855 1280 1890 Erat
1299 1865 1420 1890 autem
1444 1851 1546 1900 pusio
1564 1845 1583 1872 ³

97 1907 264 1955 quidam,
289 1905 413 1942 infans
433 1905 565 1945 adhuc,
591 1905 620 1951 i)
641 1917 685 1941 ex
713 1916 754 1940 ea
772 1916 863 1941 nota
891 1905 957 1952 qui
981 1903 1112 1941 vestitu
1137 1906 1320 1951 (caetero)
1350 1903 1456 1944 nudi,
1485 1902 1548 1939 sed

139 2001 186 2044 c)
221 2010 261 2035 et
288 1998 632 2037 communicatione
671 2010 799 2035 mutua

92 2048 419 2097 pulcherrimarum
464 2061 695 2096 quarumque
742 2061 795 2083 re-

93 2111 200 2139 rum,
237 2109 324 2143 quas
350 2108 444 2133 terra
466 2107 504 2133 et
529 2102 625 2132 mare
651 2096 793 2139 ferunt,

93 2147 170 2184 sese
182 2147 390 2183 oblectant:
411 2158 450 2181 ct
469 2146 692 2195 magistratus
702 2157 793 2192 epo-

88 2197 194 2244 nymi
210 2208 295 2232 tum
316 2195 474 2242 primum
496 2192 740 2239 honorificam
755 2205 795 2230 et

90 2259 249 2283 annuam
273 2257 471 2292 purpuram
501 2244 686 2280 induunt:
709 2244 792 2279 vni-

89 2296 180 2345 uers.
222 2296 319 2332 Sunt
346 2306 468 2331 autem
496 2294 654 2343 eponymi
680 2292 793 2341 magi-

88 2345 217 2390 stratus
248 2342 425 2393 consules.-
466 2356 505 2381 et
532 2341 689 2389 πορφύρα
727 2355 788 2378 eo·

88 2406 187 2436 rum,
214 2393 238 2430 i.
261 2408 293 2430 e.
313 2403 493 2443 purpura,
524 2393 574 2428 est
593 2399 611 2435 ἧ
630 2388 791 2438 περιπόρ-

89 2455 209 2490 φυρος,
230 2453 438 2493 praetexta.
463 2443 612 2488 Steph.
639 2454 788 2478 etron-

87 2494 182 2535 fules
205 2506 280 2529 tum
311 2493 470 2540 primum
490 2492 671 2541 insignem
691 2491 791 2527 illam

89 2554 129 2580 et
157 2555 316 2579 annuam
349 2553 574 2591 praetextam
613 2541 790 2578 induunt.

87 2594 227 2629 Memm-

89 2676 95 2680 ,
136 2643 183 2688 d)
210 2640 437 2678 contumelia
470 2640 643 2679 afficeret.
671 2639 790 2688 Steph.

137 2694 170 2738 e)
197 2692 250 2728 llli
272 2690 530 2738 supplicabant
550 2702 588 2726 et
611 2689 731 2738 persu.
754 2701 793 2731 t.‚

846 2012 896 2034 ne
922 1998 1013 2046 quid
1037 1998 1249 2045 principatu
1278 1997 1474 2045 indignum
1495 1995 1552 2031 fa-

844 2060 961 2090 ceret,
983 2049 1040 2083 vel
1074 2048 1231 2095 imperio
1260 2047 1402 2094 indign.
1429 2045 1549 2093 Steph-

883 2096 937 2144 f)
965 2098 1014 2132 At
1032 2095 1284 2137 Commodus,
1306 2106 1414 2142 aegre
1434 2094 1471 2130 id
1489 2093 1549 2130 fe-

843 2155 941 2186 rens,
963 2157 1028 2181 eos
1047 2145 1199 2192 quidem
1228 2144 1465 2182 amandauit:
1491 2156 1550 2179 re·

842 2194 969 2230 uersus
982 2204 1106 2230 autem
1128 2194 1168 2230 in
1189 2195 1399 2230 cubiculum
1421 2192 1465 2228 ad
1487 2205 1547 2227 ca·

844 2243 1022 2289 piendum
1047 2243 1242 2288 somnum,
1269 2246 1369 2289 (nam
1390 2242 1548 2278 meridie

842 2292 880 2327 id
902 2292 1024 2329 facere
1051 2291 1164 2334 moris
1195 2294 1391 2340 habebat,)
1420 2291 1544 2329 sumto

842 2353 934 2380 caet.
962 2343 1081 2392 Steph.
1427 2339 1431 2343 ’

883 2393 929 2441 g)
956 2394 992 2428 h.
1017 2405 1050 2429 e.
1070 2391 1118 2429 de
1138 2389 1229 2427 tilia.
1257 2391 1399 2426 Memm.

889 2442 926 2489 h)
952 2441 1023 2478 sen.
1043 2441 1147 2477 vniu.
1183 2450 1220 2476 et
1242 2441 1408 2485 reliquos
1432 2431 1546 2483 patris
1592 2440 1596 2444 ⁴

839 2491 979 2527 amicos
1018 2491 1153 2527 tollere
1189 2503 1209 2526 e
1238 2489 1375 2530 medio,
1410 2483 1545 2540 (qu-od

842 2553 927 2577 eum
948 2553 1076 2590 graues
1096 2539 1264 2587 turpium
1287 2539 1464 2574 factorum
1486 2545 1544 2568 in-

841 2589 1026 2636 spectores,
1054 2590 1189 2625 habere
1221 2588 1417 2636 puderet.)
1445 2585 1543 2620 bona

843 2651 919 2688 que
938 2651 1029 2678 caet.
1048 2632 1176 2686 ‘stapla
1445 2681 1453 2689 ο

891 2690 920 2736 i)
945 2702 989 2726 ex
1009 2687 1104 2731 istis,
1133 2687 1198 2736 qui
1221 2686 1370 2724 nullum
1390 2682 1545 2740 quidem
