1707 3140
538 63 833 112 LIBER
906 62 1048 108 111.
1449 77 1508 121 55

68 174 309 223 externisque
335 172 480 223 praeliis
510 173 607 222 gesta·
631 175 736 212 sunt:
780 173 844 211 scd
870 173 936 222 qui
962 179 1055 210 vnus
1084 173 1140 211 vir
1166 185 1238 212 tres
1265 174 1509 221 imperatores
1533 190 1577 227 19

68 237 191 264 rerum
220 224 290 260 iam
323 224 465 272 potitos
493 223 689 266 sustulerit,
716 224 782 272 qui
803 223 963 260 vrbanos
982 223 1184 265 exercitus,
1211 225 1368 260 Romam
1395 224 1509 270 ipsam

66 286 111 312 ac
141 273 314 321 palatium
335 272 564 315 obtinentes,
589 273 717 320 astuy)
739 270 1052 310 circumuenerit:
1081 272 1219 320 quique
1237 285 1351 308 vnum
1373 274 1508 320 eprin-

66 323 212 370 cipibus
231 322 272 359 in
288 322 363 369 ipsa
385 322 543 369 palatina
575 322 654 363 aula
683 321 867 359 cutauerit
895 321 1157 363 occidendum,
1181 324 1411 368 alterumque
1437 322 1508 357 ite-

64 382 150 408 rum
177 371 217 407 in
237 371 386 409 oriente
411 370 532 407 rursus
552 372 796 419 gubernacula
827 381 950 407 rerum
971 381 1181 412 tenentem,
1203 371 1508 419 appellatumque

63 432 85 456 a
106 420 281 458 Romanis
298 419 580 467 imperatorem,
606 420 757 457 tertium
778 431 889 466 porro
909 416 1070 456 Caesaris
1089 419 1252 455 honores
1270 431 1380 467 atque
1400 431 1507 456 auto-

61 469 176 506 xitate
204 469 428 517 praeditum,
454 469 494 505 in
514 468 732 516 potestatem
751 468 936 517 redegerit
949 493 958 508 .
985 468 1082 504 haud
1103 467 1210 504 facile
1227 469 1316 504 alter
1335 468 1506 504 inuenie-

61 528 138 559 tur.
185 519 302 558 Hunc
326 516 442 557 finem
466 518 565 556 vitae
585 518 716 557 habuit
731 518 911 560 Albinus,
935 517 1038 555 breui
1068 518 1153 555 sane
1180 517 1336 555 lactatus
1356 517 1504 555 funesto
1521 517 1567 545 20

56 567 220 607 honore,

739 687 837 726 vm.

59 747 295 815 Caeterum
312 750 471 788 Seuerus
496 764 645 788 omnem
665 750 783 788 statim
805 751 894 788 iram
923 763 1036 801 atque
1054 751 1287 789 atrocitatem
1314 749 1432 787 animi
1447 749 1504 787 su-

152 811 224 841 am,
252 799 294 835 in
312 799 412 836 illius
430 801 648 838 necessarios
673 801 811 837 Romae
833 800 978 838 effudit.
1024 814 1065 837 ac
1088 802 1206 848 primo
1227 801 1378 848 quidem
1400 811 1503 844 prae-

57 847 165 885 mitro
192 848 234 885 in
265 850 396 886 vrbem
426 849 548 897 capite
577 849 706 887 Albini
746 848 916 892 abscisso,
953 850 1119 898 iussoque
1139 850 1302 897 'publice
1331 849 1505 896 patibulo

56 895 233 945 praefigi,
265 896 308 933 in
327 898 400 934 ima
430 900 603 946 epistola,
639 910 709 948 qua
740 900 786 935 de
819 898 882 935 sua
911 899 1064 936 visioria
1099 900 1283 946 populum
1310 898 1502 939 edocebat,

55 947 132 983 hoc
151 958 305 994 quoque
330 947 537 995 adfer-imit,
563 949 650 984 ideo
669 948 705 984 se
727 959 839 995 caput
866 949 960 985 illud
994 948 1142 994 publice
1170 948 1210 984 in
1241 947 1406 995 patibulo
1423 946 1499 993 spe·
1521 944 1540 983 3

53 995 230 1032 &andum
255 995 401 1039 mififfe,
423 997 475 1033 vti
504 999 717 1044 exemplum
739 1009 925 1043 caperent,
955 997 1043 1044 quid
1066 998 1154 1033 item
1181 996 1264 1044 ipsis
1285 995 1502 1043 patiendum

52 1045 167 1082 foret.
194 1044 316 1082 Rebus
337 1045 452 1093 igitur
471 1046 682 1083 Britanniae
707 1046 888 1083 ordinatis
903 1070 913 1087 ‚
939 1058 1052 1094 quum
1074 1045 1195 1083 totius
1220 1046 1363 1082 insulae·
1386 1042 1499 1079 admi-
1515 1045 1542 1081 4

53 1092 315 1130 nistrationem
348 1094 515 1131 bifariam
544 1094 784 1142 dispertiffet,
821 1096 990 1142 itemque
1020 1094 1129 1131 omni.
1156 1095 1274 1131 Gallia
1306 1092 1500 1140 (quemad-

52 1141 210 1179 modum
229 1142 463 1190 quidemfibi
478 1144 697 1190 videbatur)
726 1143 924 1190 composita
944 1156 985 1179 ex
1007 1143 1211 1185 sententia,
1236 1142 1499 1189 supplicioque

55 1191 104 1229 de
133 1191 270 1227 Albani
298 1191 425 1228 amicis
441 1192 576 1234 sumto,
605 1192 679 1228 flue
707 1204 804 1239 quos
830 1192 863 1227 ei
892 1193 951 1228 sua
984 1204 1172 1238 quemque
1202 1192 1388 1234 voluntas,
1423 1191 1500 1227 fiue

54 1240 245 1278 neceffitas
271 1240 514 1282 adiunxerat:
541 1241 726 1277 continuo
748 1241 902 1278 Romam
931 1239 1194 1286 proficiscitur,
1218 1240 1421 1277 exercitum
1445 1240 1499 1276 se-

51 1302 140 1326 cum
160 1299 310 1324 omnem
337 1288 544 1332 adducens,
567 1302 642 1337 quo
664 1288 866 1325 terribilior
894 1290 1094 1326 videretur.
1141 1289 1400 1336 confectoque
1420 1301 1496 1324 ma-
1517 1293 1535 1328 ς

51 1350 125 1388 gna
151 1337 354 1374 velocitate
380 1338 537 1382 itinere,
563 1339 875 1386 quemadmodum
905 1337 1171 1380 consueuerat,
1199 1338 1349 1375 infestus
1377 1337 1498 1374 adhuc

48 1386 303 1434 superstitibus
319 1387 453 1423 Albani
476 1389 616 1429 amicis,
642 1389 797 1424 Romam
824 1387 960 1429 intrat,
984 1399 1204 1424 occurrente
1233 1389 1397 1424 laureato
1427 1399 1494 1433 po·
1514 1383 1536 1417 6

36 1436 153 1485 pulo,
181 1447 221 1471 ac
241 1448 375 1484 magno
392 1438 540 1473 honore
561 1436 764 1485 faustisque
784 1437 1112 1473 acclamationibus
1134 1436 1366 1483 excipiente,
1393 1435 1498 1472 sena-

48 1497 167 1533 tuque
195 1483 368 1521 vniuerso
393 1486 670 1523 consalutante:
697 1484 838 1522 tametsi
868 1487 1065 1533 plerosque
1090 1497 1212 1522 merus
1239 1485 1498 1522 consternaue-

36 1545 127 1576 rat,
159 1534 262 1582 quod
307 1534 356 1570 ibi
388 1534 672 1583 haudquaquam
708 1535 897 1582 parsurum
922 1536 1118 1577 rebantur,
1152 1533 1336 1571 immitem
1363 1534 1496 1581 suapte

47 1595 181 1620 natura
208 1593 249 1618 et
293 1584 566 1632 anguinarium,
591 1596 714 1632 neque
734 1585 818 1622 fane
838 1596 968 1632 magna
988 1584 1088 1620 causa
1110 1584 1344 1632 indigentem
1367 1583 1413 1618 ad
1436 1583 1497 1619 in-

46 1631 222 1670 serendas
242 1631 418 1670 iniurias:
453 1635 492 1680 z)
525 1646 714 1671 caeterum
742 1644 836 1669 tunc
856 1633 1064 1680 probabiles
1092 1633 1171 1669 odii
1197 1633 1360 1669 rationes
1389 1631 1494 1668 babi-

46 1692 192 1720 turum.
239 1681 361 1717 Postea
381 1694 476 1718 vero
496 1695 606 1729 quam
625 1682 666 1719 in
684 1683 867 1730 templum
886 1681 986 1719 Iouis
1004 1681 1179 1730 ingressus
1204 1682 1264 1723 est,
1293 1681 1493 1728 omniaque
1511 1679 1531 1710 7

45 1728 219 1769 sacrificia
247 1729 294 1767 de
320 1743 426 1767 more
454 1731 612 1781 peregit,
638 1732 803 1768 reuersus
831 1731 869 1766 in
899 1731 1088 1778 palatium,
1113 1741 1324 1779 magnoque
1343 1728 1490 1777 congia·
1509 1724 1528 1756 3

45 1779 104 1816 rio
127 1779 311 1826 populum
330 1781 563 1822 Romanum,
589 1780 764 1818 viaoriae
781 1780 948 1822 nomine,
975 1780 1232 1826 prosequutuS,
1257 1793 1298 1816 ac
1316 1789 1492 1816 nummos

43 1827 231 1866 militibus
256 1828 408 1878 largitus
435 1829 507 1873 est,
536 1831 639 1866 simul
671 1830 739 1866 alia
767 1830 945 1876 permulta
974 1828 1150 1871 indulsit,
1177 1840 1272 1876 quae
1298 1839 1489 1876 nunquam

43 1888 153 1915 antea
182 1888 408 1925 acceperant.
467 1880 566 1916 Nam
603 1890 642 1915 et
672 1878 851 1914 frumenti
879 1879 1056 1914 summam
1086 1877 1226 1926 primus
1255 1876 1423 1919 adauxit,
1450 1874 1526 1912 et9

42 1926 165 1964 aureis
191 1927 338 1964 annulis
364 1926 440 1970 vti,
467 1938 506 1965 et
536 1928 641 1965 domi
660 1929 793 1965 habere
820 1927 1014 1964 mulierem
1036 1926 1219 1974 permisit:
1248 1939 1344 1974 quae
1362 1925 1490 1961 omnia

43 1974 176 2024 procul
211 1988 230 2011 a
260 1974 413 2012 militari
443 1976 658 2021 disciplina,
692 1975 897 2014 succinaos
930 1989 993 2012 eos
1019 1988 1241 2024 paratosque
1269 1976 1314 2012 ad
1343 1975 1487 2011 bellum

42 2023 201 2061 minime
219 2022 429 2071 praestitura
449 2025 682 2062 videbantur.
717 2025 937 2073 Primusque
957 2025 1034 2071 ipse
1051 2025 1227 2061 duritiam
1249 2036 1361 2071 arque
1383 2024 1485 2070 aspe-
1504 2022 1549 2048 ¹0

43 2071 193 2109 ritatem
220 2072 360 2114 virtus,
389 2073 701 2120 tolerantiamque
724 2074 892 2110 laborum
924 2073 1231 2119 disciplinamque
1265 2085 1416 2108 omnem
1445 2082 1486 2106 ac

42 2121 182 2158 ducum
211 2121 462 2158 reuerentiam
484 2122 680 2163 subuertit,
704 2121 849 2158 inhiare
870 2120 1040 2168 pecuniis
1066 2133 1105 2157 et
1133 2123 1173 2167 a)
1195 2119 1396 2157 munditias
1417 2132 1483 2156 co-

41 2171 122 2208 lere
139 2168 320 2207 militibus
340 2169 564 2207 insuefaffis.
617 2171 687 2207 His
719 2181 807 2219 ergo
834 2171 975 2217 optime
997 2183 1063 2217 pro
1091 2170 1153 2206 suo
1174 2168 1313 2206 iudicio
1345 2169 1482 2206 consti-
1501 2172 1541 2197 11

39 2218 148 2260 tutiS,
175 2218 313 2254 curiam
334 2218 471 2256 deinde
497 2219 692 2266 ingressus,
719 2219 924 2267 sedensque
946 2218 1180 2266 imperatoria
1199 2217 1483 2264 se11a‚,accusare

39 2265 128 2306 infit
153 2267 363 2304 truculenta
390 2269 560 2305 oratione
580 2267 708 2305 Albini
738 2268 896 2309 amicos,
923 2268 1076 2314 prolatis
1107 2268 1218 2305 etiam
1246 2269 1482 2316 quorundam
1501 2271 1542 2296 12

41 2316 181 2353 arcanis
207 2316 393 2364 epistolis,
432 2330 519 2365 quas
550 2318 645 2365 apud
667 2318 772 2353 illum
791 2316 961 2365 sepolitas
989 2316 1305 2363 deprehendisset,
1331 2317 1482 2364 quibus-

40 2365 125 2401 dam
144 2375 268 2402 autem
286 2367 526 2413 exprobrans,
545 2368 648 2415 quod
668 2378 762 2410 ,eum
780 2365 1089 2413 splendidioribus
1110 2366 1322 2402 muneribus
1338 2364 1481 2403 affecis-

39 2414 147 2452 sent:
173 2414 278 2457 aliis,
303 2415 406 2463 quod
433 2417 471 2464 b)
493 2416 602 2453 amici
631 2415 897 2458 orientalibus,
925 2415 1020 2458 aliis,
1047 2416 1150 2462 quod
1167 2415 1306 2452 Albino
1327 2414 1482 2452 suerunt
1499 2419 1536 2455 ¹3

103 2491 129 2510 ’κ

77 2530 391 2580 y).fi1perauerit‚
416 2531 558 2568 Memm.
834 2531 873 2576 a)
899 2531 1059 2568 delicias.
1086 2532 1225 2569 Memm.

90 2582 130 2627 z)
156 2590 194 2616 et
212 2579 275 2626 qui
295 2592 386 2616 tunc
401 2581 607 2628 probabiles
627 2579 737 2619 habe-
835 2582 870 2628 b)
898 2582 1028 2630 Longe
1057 2581 1161 2617 aliam
1187 2580 1297 2617 huius
1322 2579 1396 2617 loci
1424 2580 1483 2615 in·

37 2640 79 2666 re
97 2629 260 2667 rationes
289 2630 519 2668 viderentur.
543 2631 688 2669 Memm.
784 2630 1092 2679 terpretationem
1109 2630 1194 2668 v.in
1203 2631 1346 2668 Annot.
1364 2629 1480 2678 Stepb.

1521 795 1543 820 2
