1707 3029
533 109 850 156 LIBER
923 103 1020 154 vu.
1418 118 1516 163 109

73 233 201 264 tutum
219 221 256 260 se
278 220 478 270 recipiunt.
524 221 576 259 At
597 233 686 258 vero
718 219 945 257 Maximinus
973 217 1143 255 hostilem
1175 217 1352 269 ingressus
1378 217 1557 267 agrum,6

74 275 137 311 diu
158 272 329 314 nemine,
371 272 433 319 qui
455 268 646 312 resisteret,
670 271 827 308 inuento
854 269 1009 318 (quippe
1039 281 1168 305 ornnes
1189 269 1424 306 abscesserant
1437 270 1516 304 bar-

73 323 166 369 bari)
196 321 389 370 regionem
408 320 556 356 illorum
578 320 894 367 depopulabatur,
933 317 1084 354 maturis
1117 318 1186 353 iam
1217 319 1416 366 segetibus,
1459 317 1514 353 vi-
1533 328 1558 364 7

71 384 209 420 cosque
221 383 351 407 omnes
367 369 623 406 incendendos
634 367 940 416 diripiendosque
959 366 1138 403 militibus
1159 368 1334 405 tradebat.
1362 371 1400 415 n)
1422 369 1518 404 Sunt

73 433 198 457 aurem
219 422 325 456 vrbes
343 418 667 465 aedificiaqueilla
688 417 845 454 maxime
867 416 1052 453 incendiis
1073 417 1246 453 obnoxia.
1314 418 1401 454 Rara
1425 417 1516 452 enim
1537 424 1558 459 ς

29 492 33 504 i
75 469 174 517 apud
198 471 409 506 Germanos
433 469 602 505 strustura
624 480 644 502 e
666 467 786 514 lapide
808 479 850 502 ac
869 464 1045 502 lateribus
1067 467 1280 505 costilibus:
1325 466 1520 512 densisque

70 519 198 567 potius
225 518 357 565 syrois,
404 530 563 566 quorum
593 515 746 553 confixis
787 515 1132 563 coagmentatisque
1163 516 1296 564 ligniS,
1339 519 1518 564 quaedam

72 567 170 615 quali
201 569 435 604 tabernacula
466 564 674 604 aedificant.
755 566 868 615 Igitur
897 563 1119 602 Maximinus
1151 563 1187 600 in
1218 578 1297 601 eam
1325 564 1518 613 regionem
1538 579 1560 614 9

68 618 175 665 longe
192 617 332 666 lateque
351 616 522 664 grassatus
535 642 545 659 ,
570 614 756 663 populatis
779 613 962 663 tegetibus
975 637 986 656 ‚
1015 614 1197 662 omnique
1216 626 1352 662 pecore
1370 615 1520 664 captiuo

69 663 466 712 militibus'permiss0‚
497 666 623 702 nullos
644 665 765 700 adhuc
786 665 904 706 hostes
926 663 1135 701 inuenerat.
1203 664 1395 713 Siquidem
1425 676 1521 700 cam·
1542 676 1588 703 ιο

73 715 214 763 pestres
232 715 428 762 regiones,
458 716 616 760 locaque
637 716 681 749 ab
702 713 894 751 arboribus
915 725 1002 759 pura
1020 712 1269 760 deseruerant,
1295 724 1406 762 atque
1425 713 1522 749 intra

71 763 197 812 syluas
216 774 256 800 et
272 764 424 811 paludes
445 764 682 804 delituerant,
708 775 748 799 vt
770 761 1053 808 indepraeliare.
1101 775 1131 799 rr
1152 774 1263 811 atque
1282 761 1521 811 eruptionem

76 813 116 849 in
137 812 275 849 hostem
296 814 473 850 facerent.
522 814 671 850 Etenim
693 811 848 849 densitas
871 812 931 847 illa
954 812 1125 848 arborum
1147 812 1287 860 sagittis
1315 812 1521 858 iaculisque
1541 825 1586 853 η

69 862 229 899 hostium
253 863 404 899 allatura
428 863 763 909 impedimentum,
789 872 827 898 et
848 862 1025 908 paludum
1044 860 1206 898 altitudo
1231 862 1435 910 periculosa
1449 861 1520 897 Ro-

76 910 195 947 manis
216 912 384 949 locorum
407 911 563 960 ignaris,
591 912 673 960 iplis
684 923 804 949 autem
818 910 937 946 facilis
950 911 1197 958 expeditaque
1221 911 1524 952 forevidebatur.

70 973 155 997 non
171 960 306 1009 ignaris
326 973 421 1008 quae
441 973 593 1008 vsquam
617 961 743 1007 peruia
758 987 767 1002 ,
798 972 891 1008 quae
912 960 1011 997 inuia
1025 985 1035 1002 ‚
1059 971 1098 996 et
1117 972 1280 1009 genuum
1301 974 1410 998 tenus
1430 973 1525 1008 quo-

72 1010 168 1046 tidie
188 1023 251 1057 per
265 1010 346 1046 illas
371 1010 667 1046 discursantibus.
717 1013 814 1047 Sunt
834 1020 959 1046 autem
977 1011 1010 1056 o)
1040 1010 1219 1047 Germani
1240 1009 1442 1059 peritiffimi
1462 1022 1525 1046 na-
1545 1014 1589 1039 ¹2

72 1058 201 1101 tandi,
230 1069 272 1095 vt
294 1059 356 1107 qui
379 1061 640 1097 tantummodo
667 1059 705 1096 in
725 1059 940 1096 fluminibus
960 1059 1144 1095 lauentur.
1194 1062 1238 1098 ln
1265 1058 1524 1097 huiuscemodi
1544 1062 1587 1100 13

74 1108 188 1154 igitur
207 1108 299 1145 locis
321 1120 441 1156 pugna
462 1108 554 1145 inira
570 1135 580 1151 ,
636 1109 696 1146 vbi
720 1108 831 1156 etiam
859 1108 1061 1155 imperator
1080 1108 1156 1155 ipse
1178 1111 1366 1146 Romanus
1396 1108 1524 1146 fortis-

74 1156 159 1193 sime
180 1157 362 1206 praelium
382 1157 583 1195 inchoauit.
635 1159 731 1194 Nam
756 1168 870 1205 quum
889 1159 931 1194 ad
953 1157 1147 1205 ingentem
1172 1159 1356 1207 quandam
1377 1159 1526 1195 vastam·
1546 1163 1591 1198 14

73 1217 148 1254 que
169 1206 339 1253 paludem
362 1218 518 1243 ventum
542 1207 651 1248 effer,
678 1207 773 1242 intra
793 1218 901 1254 quam
922 1207 1098 1242 Germani
1118 1207 1205 1256 fuga
1233 1209 1269 1244 se
1292 1219 1524 1255 receperant,

74 1257 296 1292 verentibus
315 1254 494 1292 Romanis
514 1257 646 1300 eodem
666 1254 964 1304 hostesinsequi‚
996 1253 1137 1302 primus
1163 1257 1393 1295 Maximinus
1424 1269 1526 1306 equo

73 1304 249 1351 paludem
270 1304 468 1353 ingressus,
486 1316 602 1353 quum
623 1299 777 1351 quidem
800 1303 912 1341 etiam
936 1304 1039 1351 supra
1058 1306 1181 1342 aluum
1204 1319 1319 1353 equus
1348 1309 1527 1355 voragine

71 1352 303 1402 hauriretur.
340 1365 469 1402 magna
500 1355 532 1389 vi
556 1366 806 1401 repugnantes
837 1355 1006 1390 barbaros
1044 1356 1334 1394 contrucidauit.
1401 1359 1556 1405 Qaret

69 1403 252 1440 exercitus
263 1402 426 1451 reliquus
438 1402 582 1450 pudore
594 1405 852 1447 instinftusme
865 1404 1023 1450 prodere
1038 1417 1265 1452 pugnantem
1283 1418 1349 1452 pro
1363 1406 1397 1442 se
1410 1408 1528 1453 impe-

68 1457 233 1488 t‘atorem
250 1449 454 1495 videretur,
473 1452 576 1490 ausus
586 1453 710 1502 etipse
722 1453 771 1491 est
784 1453 953 1502 paludem
967 1455 1122 1502 ingredi.
1147 1456 1333 1504 multique
1347 1456 1526 1503 vtrinque

69 1500 306 1538 ceciderunt:
335 1503 384 1538 ita
407 1513 556 1542 tamen,
592 1515 633 1539 vt
655 1505 780 1540 nullus
808 1516 902 1549 pene
933 1505 1168 1540 barbarorum
1201 1504 1318 1541 fuerit
1342 1507 1525 1554 reliquus,
1580 1512 1583 1513 ’

72 1549 277 1588 dimicante
296 1550 489 1600 insigniter
509 1552 678 1590 Romano
704 1552 886 1601 principe.
941 1555 1069 1597 Quare
1090 1567 1130 1590 et
1148 1555 1310 1597 stagnum
1335 1555 1526 1594 cad‘aueri-
1553 1581 1557 1585 -

71 1600 142 1636 bus
163 1601 381 1648 oppletum,
409 1612 447 1637 et
475 1605 579 1650 palus
597 1602 779 1650 sanguine
797 1602 976 1645 confusa,
999 1606 1042 1652 p)
1071 1599 1249 1650 pedestiis
1274 1606 1399 1650 praelii
1415 1618 1524 1642 naua-

72 1648 298 1703 lem=faciem
321 1650 564 1697 praeferebat.
616 1653 726 1689 Hanc
757 1652 870 1701 igitur
904 1665 1064 1701 pugnam
1104 1653 1239 1702 suaque
1270 1654 1381 1702 iplius
1410 1654 1523 1692 fortia
1544 1656 1589 1689 16

71 1697 235 1735 facinora
254 1712 333 1736 non
354 1701 470 1737 solum
493 1713 559 1747 per
577 1701 700 1739 literas
723 1702 864 1739 senatui
898 1703 1116 1750 populoque
1139 1705 1308 1740 Romano
1343 1704 1524 1744 fianifica-

76 1746 155 1789 vit,
183 1749 241 1785 sed
261 1749 371 1786 etiam
395 1749 575 1798 depictam
600 1752 767 1789 maximis
789 1752 1125 1800 imaginibus'ante
1142 1754 1278 1790 curiam
1295 1748 1525 1801 pubiicauit:

74 1806 116 1832 vt
134 1809 212 1834 non
236 1809 311 1835 tam
330 1799 460 1836 audire
484 1813 579 1847 quae
607 1801 699 1850 gesta
732 1801 882 1843 forent,
908 1813 1019 1849 quam
1049 1803 1160 1839 etiam
1196 1804 1375 1840 subiicere
1406 1804 1526 1841 oculis

70 1846 230 1884 Romani
259 1849 413 1896 possent.
468 1851 554 1886 Eam
576 1852 736 1887 tabulam
758 1851 895 1887 deinde
915 1864 985 1887 vna
1006 1864 1090 1888 cum
1114 1853 1381 1899 reliquisillius
1404 1855 1524 1890 hono·

70 1896 172 1933 tibus
196 1897 340 1934 senatus
359 1898 509 1937 sustulit.
560 1901 676 1937 Fuere
711 1902 802 1937 item
831 1902 898 1935 alia
929 1901 1064 1947 praelia
1099 1901 1234 1949 quibus
1252 1903 1427 1940 omnibus
1449 1903 1523 1949 ipse
1547 1909 1590 1945 ¹7

73 1957 186 1982 manu
215 1959 421 1996 pugnam
449 1950 656 1995 capessen5‚
683 1963 723 1985 ac
749 1945 941 1986 fortiffiin'e
966 1950 1161 1992 dimicans,
1190 1952 1524 1998 exsplendescebat.
1574 1957 1577 1961 ’

70 1995 279 2042 Multisque
303 1998 597 2046 captiuisatque
618 1999 762 2046 ingenti
793 2000 914 2036 abana
937 2000 1068 2045 praeda
1085 2025 1095 2040 ,
1142 2001 1299 2036 instante
1320 2004 1455 2050 hyeme
1486 2004 1523 2038 in
1546 2005 1588 2038 18

73 2044 303 2080 Pannoniam
336 2048 504 2083 reuersus
533 2048 605 2083 est:
645 2047 817 2095 intraque
847 2050 972 2083 vrbem
1008 2049 1182 2086 sirmium
1220 2056 1339 2098 (quae
1368 2053 1523 2089 maxima
1547 2058 1589 2092 19

72 2092 243 2128 onmium
262 2095 342 2130 eius
363 2095 527 2143 regionis
550 2097 717 2137 babetur)
745 2098 781 2132 in
817 2096 993 2144 hybernis
1022 2110 1155 2145 agens,
1195 2102 1238 2135 ad
1272 2112 1421 2137 vernam
1453 2101 1524 2139 sese
1577 2104 1581 2109 '

69 2140 349 2195 capeditionem
371 2146 627 2191 comparabat:
658 2144 866 2189 identidem
889 2145 1065 2182 minitans
1088 2147 1140 2190 (id
1163 2148 1270 2195 quod
1286 2150 1398 2187 eriam
1421 2163 1522 2198 prae·
1544 2155 1591 2184 20

71 2187 221 2225 staturus
243 2192 454 2246 yidebatur)
499 2196 705 2232 excisurum
731 2195 1038 2245 subesturumque
1075 2199 1229 2235 Oceano
1258 2209 1366 2237 tenus
1391 2212 1523 2238 ornnes

73 2238 298 2278 Germaniae
319 2243 486 2280 barbaras
507 2243 696 2281 nationes.

120 2388 161 2433 n)
189 2388 377 2427 Facillime
388 2403 514 2429 autern
536 2391 632 2442 ignis
644 2405 776 2430 eorum
825 2393 1058 2431 tabernacula
1078 2395 1284 2433 aedificant.
1330 2397 1448 2445 Steph.

73 2437 179 2493 vrbes
198 2449 310 2486 atque
331 2441 519 2478 domicilia
551 2442 776 2490 depascitur.
875 2447 910 2488 o)
938 2456 977 2480 et
1007 2446 1159 2482 natandi
1192 2446 1394 2494 peritissimi
1430 2448 1525 2484 Ger-

69 2486 251 2533 Laprdum
273 2490 374 2527 enim
394 2493 492 2537 apud
522 2492 606 2530 illos
634 2503 698 2530 aut
726 2494 758 2528 la
824 2493 938 2535 mani.
966 2496 1108 2532 Memm.

11 2576 16 2579 μ
71 2546 196 2578 ‚gerum
214 2539 404 2577 coffinum
433 2541 483 2577 est
503 2543 675 2589 penuria:
710 2542 772 2579 sed
867 2548 909 2592 p)
938 2543 960 2578 i.
981 2558 1011 2580 e.
1036 2544 1191 2592 pedrstri
1213 2545 1395 2582 exercitus
1425 2557 1525 2592 prae—

27 2629 29 2631 ·
71 2585 201 2641 densas
239 2588 378 2626 habent
407 2590 529 2628 liluas:
584 2592 672 2629 ideo
698 2598 777 2639 que
821 2592 874 2629 lio
896 2594 1054 2639 lpeciem
1069 2596 1523 2644 pugnaenaualispraefe-

71 2633 181 2680 lignis
200 2648 315 2684 quum
344 2641 557 2684 abundent,
604 2655 645 2677 ea
667 2654 768 2678 com-
821 2644 976 2680 fcrebat.
1025 2645 1142 2693 steph.

70 2694 257 2732 ponentes
285 2699 324 2725 et
349 2690 660 2740 compingentes,
704 2690 768 2728 fibi
