1707 3140
579 122 892 167 LIBER
969 122 1005 165 Ι.

1452 133 1468 163 Ῑ
1488 131 1510 172 3

52 246 170 275 sunt.
214 235 276 275 ‚Ac
296 234 368 272 iam
387 233 433 271 de
454 245 570 284 regno
590 233 864 282 maioribusque
882 234 990 271 rebu's
1008 233 1200 271 Maternus
1219 243 1301 269 cum
1328 231 1402 269 suis
1423 229 1514 268 deli-
1533 239 1558 271 7

33 297 54 335 ῖ
69 286 230 325 berabat.
257 297 342 321 nam
360 285 507 332 quando
540 284 711 320 haetenus
744 283 871 320 omnia
902 283 955 320 illi
980 283 1042 329 spe
1071 283 1222 319 vitei-ius
1257 282 1515 329 promiserant,
1535 286 1558 319 8

67 336 104 383 h)
117 346 180 371 aut
197 334 338 381 aliquid
363 345 538 383 magnum
554 334 807 371 inuadendum
827 332 889 369 iibi
905 332 1140 374 existimabat,
1159 343 1222 368 aut
1241 330 1515 378 certe‚quando

65 384 107 421 in
127 383 166 419 id
184 382 403 420 discriminis
425 382 631 424 incideret,
667 395 744 420 non
776 383 927 419 obscure
956 395 1077 430 neque
1103 381 1239 430 ignaue
1264 381 1516 417 moriendum.

64 433 139 472 Sed
159 433 337 480 quoniam
356 433 392 469 se
412 445 489 469 non
512 433 626 468 tantis
646 432 716 468 effe
736 432 872 468 viribus
905 432 1156 480 intelligebat,
1180 442 1341 477 quantae
1369 429 1412 466 ad
1432 428 1513 466 reli·
1534 437 1557 470 9

65 483 237 520 flendum
261 482 475 520 Commodo
498 484 631 518 collata
655 482 732 518 acie
752 480 836 518 satis
855 482 969 520 essent
994 480 1149 529 (quippe
1170 492 1208 516 et
1226 480 1415 515 Romanae
1436 479 1513 527 ple·
1538 486 1583 512 10

65 531 174 569 biset
194 532 510 579 praei-orianorum
532 531 694 567 militum
716 532 892 578 propensa
913 531 952 566 in
963 531 1215 567 Commodum
1236 530 1412 565 voluntas
1439 540 1516 563 cre·

65 581 240 625 debatur)
265 593 346 617 arte
374 581 435 617 fibi
467 579 697 626 conlisioque
724 580 951 629 grassandum
980 581 1172 616 statuebat.
1225 578 1409 618 Quocirca
1439 577 1515 613 tale

63 629 245 680 quiddam
275 629 579 668 comminiscitur.
627 631 735 666 Veris
764 629 898 672 initio,
924 630 1137 678 quotannis,
1173 629 1262 665 stato
1294 626 1515 674 {biennique
1538 632 1580 657 11

62 681 147 723 die,
183 692 354 728 pompam
392 681 494 716 matri
526 679 636 715 deum
667 679 820 716 Romani
849 680 1051 715 celebrant.
1113 682 1155 715 In
1181 691 1244 717 ea,
1283 690 1380 724 quae
1416 675 1516 723 apud

65 742 254 778 quemque
270 730 356 765 sunt
372 731 405 775 i)
425 727 644 766 diuitiarum
668 727 862 777 praecipua
876 755 884 770 ‚
904 729 1141 775 inpellexque
1161 729 1339 774 pleraque
1357 726 1516 773 impera-

64 778 185 821 toria,
221 779 396 815 materiae
424 789 487 814 aut
523 778 609 816 artis
639 778 876 826 spestandae,
925 778 1099 824 praeferri
1129 789 1217 813 ante
1245 777 1351 812 deam
1380 775 1513 812 solent·

63 829 268 876 Pallimque
284 828 460 865 omnibus
479 830 601 876 quouis
619 830 714 864 modo
734 828 887 864 ludendi
907 828 1057 864 licentia
1078 826 1266 874 permiffa,
1293 825 1339 861 sic
1369 836 1409 861 vt
1433 835 1512 871 per·
1537 830 1582 857 12

62 877 172 925 sonas
198 877 359 916 induant
385 889 477 925 quas
505 877 638 924 cuique
667 878 839 918 libitum,
885 877 1099 924 nullamque
1131 889 1211 912 non
1240 875 1515 922 magistratuum

58 939 218 976 ‚quoque
236 927 451 976 imaginem,
474 939 587 974 prout
608 928 791 975 cuiusque
804 926 977 967 studium,
991 925 1288 972 repraesentent:
1317 922 1363 960 fic
1383 934 1514 960 vtnon

64 989 206 1014 temere
233 989 251 1011 a
278 976 372 1013 fallis
393 989 501 1012 veros
522 977 728 1025 dignoscas.
781 976 930 1013 Putauit
950 976 1023 1011 hoc
1035 976 1232 1012 Maternus
1252 973 1432 1010 idoneum
1453 984 1512 1008 ce.-
1535 977 1580 1014 13

63 1026 188 1063 landis
217 1024 356 1062 insidiis
376 1037 543 1073 tempus:
579 1038 678 1063 ratus
702 1026 799 1066 fore,
820 1036 871 1066 vt,
895 1024 918 1060 sl
942 1025 1133 1073 personam
1154 1023 1336 1071 stipatoris
1356 1021 1513 1058 alicuius
1536 1029 1581 1063 14

65 1075 255 1117 indueret,
283 1074 446 1123 suosque
465 1075 508 1111 ad
537 1078 693 1113 eandem
711 1075 991 1112 similitudinem
1010 1074 1120 1110 armis
1142 1084 1312 1115 ornaret,
1340 1085 1379 1108 ac
1399 1072 1434 1108 se
1453 1072 1516 1107 ha-

65 1124 166 1162 statis
186 1124 467 1166 immiscerent,
491 1123 538 1165 fic
561 1135 602 1161 vt
635 1137 715 1172 pars
735 1126 806 1161 esse
833 1124 1033 1160 comitatus
1062 1122 1291 1171 imperatorii
1321 1121 1517 1158 crederen-

65 1185 142 1215 tur,
165 1172 469 1217 nu110,videlicet
491 1182 754 1220 praecauente‚
783 1185 938 1219 tepente
962 1173 1106 1219 impetu
1131 1171 1229 1208 fano
1262 1170 1515 1208 Commodum
1553 1210 1556 1213 ⁴

65 1224 349 1260 obtruncarent.
400 1221 472 1259 Sed
493 1223 663 1268 proditus
683 1222 899 1269 imperatori
921 1236 938 1257 a
959 1222 1068 1258 sociis
1087 1221 1305 1269 quibusdam
1320 1247 1331 1261 ,
1360 1220 1424 1268 qui
1442 1232 1514 1256 vna
1537 1227 1580 1262 15

63 1283 150 1310 cum
178 1272 256 1318 ipso
277 1283 461 1307 venerant
488 1271 527 1307 in
550 1274 700 1314 vrbem,
724 1271 763 1317 k)
791 1270 1099 1320 (indignantibus
1130 1271 1290 1312 scilicet,
1316 1268 1341 1305 fi
1361 1268 1515 1317 quidem

62 1333 151 1358 eum
178 1333 257 1357 non
279 1333 354 1368 ,pro
381 1320 528 1357 latrone
557 1323 628 1358 iam
659 1322 720 1358 sed
755 1334 822 1368 pro
857 1320 1026 1368 principe
1057 1320 1217 1357 habituri
1237 1319 1380 1360 forent,
1408 1331 1516 1355 ante-

61 1383 172 1418 quam
196 1369 313 1407 festus
338 1369 418 1407 dies
446 1371 595 1417 adeffet)
624 1384 663 1408 et
689 1370 766 1419 ipse
787 1370 1099 1416 comprehensus,
1126 1383 1167 1406 ac
1197 1369 1389 1406 muletatus
1418 1367 1515 1414 capi·

62 1431 116 1462 te,
140 1420 260 1468 etqui
282 1419 449 1456 eiusdem
480 1420 652 1457 fastionis
681 1432 807 1463 erant,
835 1419 978 1457 meritis
1006 1418 1194 1468 suppliciis
1223 1417 1355 1456 affeffi.
1401 1419 1436 1464 l)
1463 1417 1516 1453 At

64 1470 322 1510 Commodus,
356 1468 449 1505 fasta
473 1482 511 1505 re
543 1469 694 1512 diuina,
722 1471 1006 1519 gratulatusque
1040 1471 1151 1511 deae,
1174 1469 1308 1505 festum
1338 1467 1515 1518 agitabat,

60 1530 314 1566 pompamque
330 1519 496 1568 gaudens
517 1519 792 1568 frequentabat.
831 1519 905 1555 Sed
925 1529 963 1554 ct
983 1521 1148 1568 populus
1167 1518 1374 1567 omnispro
1395 1519 1516 1565 irnpe-

61 1568 193 1606 tatoris
221 1568 338 1606 salute
366 1569 466 1606 diem
498 1569 742 1608 laetabundus
771 1568 992 1607 celebrabat.

1539 1411 1582 1447 1⁴6

749 1690 812 1725 XI.

63 1752 202 1840 Qae
221 1764 344 1791 autem
364 1754 458 1791 ratio
481 1753 535 1796 fit,
557 1766 624 1791 cur
644 1754 734 1790 huic
752 1754 843 1792 deae
864 1765 1014 1791 tantum
1032 1753 1216 1791 honorem
1231 1752 1386 1790 Romani
1408 1753 1521 1790 habe-

181 1815 268 1847 ant,
306 1816 386 1840 non
414 1803 577 1842 alienum
606 1804 779 1848 vitietur,
828 1815 1010 1853 quantum
1037 1816 1082 1842 ex
1113 1804 1262 1840 historia
1294 1804 1515 1851 accepimus,

102 1858 118 1871 l

112 1920 151 1967 h)
178 1921 320 1958 necesse
340 1921 511 1969 putauit,
537 1933 601 1958 aut
632 1933 767 1969 magno

63 1969 243 2018 quopiam
264 1971 432 2006 facinore
452 1984 507 2007 res
527 1971 603 2007 suas
623 1971 665 2007 ad
686 1972 768 2008 feli-

47 2023 146 2054 'cem
163 2020 304 2055 exitum
328 2020 542 2067 perducere,
559 2031 634 2061 aut.
651 2033 768 2068 quum

63 2066 176 2104 semel
200 2069 237 2103 in
262 2068 461 2104 discrimen
478 2069 516 2104 se
539 2071 768 2111 conieciss'er,

63 2128 142 2152 non
164 2117 318 2152 obscure
335 2128 459 2164 neque
477 2117 638 2165 inglorie
657 2118 767 2156 mori,

61 2166 182 2214 Steph.
257 2173 260 2178 '
556 2178 557 2182 ’

116 2216 154 2262 ἰ)
186 2213 400 2252 diuitiarum
429 2227 668 2263 argumenta,
706 2216 766 2252 vel

63 2263 224 2308 indicia,
250 2275 314 2300 ant
336 2265 487 2302 diuitias
507 2265 688 2308 testantia,
711 2265 765 2302 su-

64 2314 185 2361 pellex
205 2326 277 2361 que
297 2313 455 2361 pretiosa
477 2317 768 2360 imperatorum3

64 2375 158 2413 quae
179 2363 329 2411 quidem
350 2375 503 2411 propter
521 2365 695 2400 materiae
706 2377 767 2401 aur.

63 2412 151 2449 artis
168 2412 339 2450 miracula
361 2424 448 2449 ante
465 2415 569 2449 deam
589 2414 766 2461 praeferri

65 2462 106 2499 in
135 2468 269 2509 pompa
289 2462 419 2500 solent.
447 2464 501 2499 Ac
519 2463 655 2499 summa
676 2474 769 2500 tunc

65 2512 242 2550 omnibus
287 2511 422 2559 quouis
453 2512 608 2549 ludendi
652 2513 766 2548 modo

63 2561 228 2597 concessa
245 2559 582 2598 estlicentia:adeo
603 2573 642 2599 vt
653 2573 768 2598 unus·

63 2610 225 2657 quisque
254 2623 518 2658 quamcunque
539 2612 623 2648 vult
642 2611 765 2658 perso-

63 2671 147 2695 nam
177 2661 446 2706 repraesentet3
474 2673 598 2708 neque
628 2662 697 2696 vlla
723 2659 766 2696 iit

819 1921 922 1958 cuius
953 1921 1122 1958 habitum
1153 1928 1231 1956 non
1265 1921 1375 1957 liceat
1399 1921 1435 1958 ei
1457 1920 1519 1957 cui

817 1972 931 2008 libeat
953 1971 1101 2012 induto,
1121 1969 1248 2007 ludere
1267 1982 1307 2007 et
1326 1970 1523 2007 veritatem

818 2022 1025 2056 occultare:
1069 2021 1117 2056 ita
1155 2031 1195 2055 vt
1223 2032 1303 2055 non
1341 2018 1452 2054 facile
1480 2019 1523 2054 fit

818 2082 927 2110 eum,
963 2070 1026 2114 qui
1059 2068 1242 2109 imitatur,
1278 2070 1322 2105 ab
1359 2082 1427 2110 eo,
1455 2068 1521 2117 qui
1546 2108 1557 2113 ι

817 2131 942 2154 reuera
974 2118 1035 2157 est,
1063 2117 1295 2164 dignoscere.
1319 2117 1436 2164 Steph.

863 2165 899 2208 k)
929 2166 1216 2212 finvhrlentibus,
1241 2167 1265 2202 fi
1288 2179 1355 2213 pro
1374 2168 1523 2212 latrone

817 2215 1012 2252 dominum
1034 2227 1072 2252 et
1089 2227 1224 2264 regem,
1242 2219 1297 2252 vel
1323 2217 1522 2264 imperato-

819 2278 895 2301 rem
911 2292 920 2306 ‚
946 2263 1105 2301 habituri
1127 2265 1255 2305 essent,
1284 2277 1410 2314 anteq.
1434 2264 1462 2303 f.
1483 2267 1520 2302 d.

817 2314 1058 2358 adueniffet‚)
1087 2325 1124 2351 et
1152 2316 1195 2361 Ji
1217 2314 1373 2351 habituri
1400 2316 1518 2363 efflent,

819 2377 888 2412 pro
908 2366 1002 2413 quod
1018 2364 1100 2400 hab.
1122 2364 1249 2401 effent.
1278 2366 1398 2412 Steph.

867 2415 904 2455 l)
930 2415 980 2449 At
1000 2413 1254 2455 Commodus,
1291 2427 1404 2461 quum
1428 2415 1520 2450 deae

819 2461 1065 2502 sacrificasset,
1102 2463 1231 2510 gratias
1268 2476 1344 2510 que
1379 2463 1519 2512 egiffet‚

817 2511 947 2548 festum
966 2513 1182 2550 celebrabat.
1234 2513 1313 2560 lpse
1329 2512 1438 2548 etiam
1458 2525 1520 2561 po-

819 2563 927 2608 pulus
948 2562 1053 2597 deam
1081 2561 1267 2598 exsultans
1298 2561 1517 2605 deducebat,

816 2623 856 2647 et
875 2620 946 2647 una
966 2623 1049 2647 cum
1079 2610 1193 2652 festo,
1220 2611 1398 2647 laetitiam
1420 2622 1515 2657 quo-

814 2673 890 2707 que
910 2660 957 2697 de
985 2660 1126 2696 seruam
1150 2663 1380 2707 Imperatore
1400 2660 1520 2701 solen-

63 2717 137 2746 eam
158 2718 288 2756 magna
312 2719 375 2747 aut
401 2709 569 2746 eminens
587 2708 762 2759 dignitas,
810 2710 908 2746 niter
931 2709 1102 2759 agitabat.
1127 2709 1246 2758 Stepb.
