1707 3029
564 97 602 146 L
640 97 725 143 113
757 97 794 143 E
832 96 873 143 R
975 96 1066 161 „VL
1443 106 1536 154 105

105 212 166 253 sus
188 211 409 249 Germanos.
453 211 581 258 Qare
601 219 641 245 et
661 208 786 255 suapte
815 219 943 245 natura
979 209 1087 255 proni
1108 208 1152 246 ad
1178 221 1234 246 res
1263 210 1476 247 nouandas..
1503 218 1542 245 et
1559 218 1583 253 g

105 273 181 300 tam
204 263 354 304 longum
378 258 619 305 principatum
643 257 801 306 grauati,
827 258 947 294 minus
967 258 1037 294 iam
1061 259 1242 296 lucrosum
1259 285 1267 299 ,
1288 260 1389 295 omni
1413 264 1445 291 ,τὶ
1466 264 1543 294 am-

105 311 250 348 bitione
271 305 408 355 pridem
435 309 671 355 consumpta:
710 320 788 344 tum
821 308 1005 353 sperantes
1033 309 1186 345 alterum
1209 321 1291 343 mox
1320 310 1544 355 principem,

105 361 243 407 adepto
270 371 411 405 praeter
440 356 732 402 expett-ationem
770 356 947 400 imperio.
989 357 1073 404 plus
1101 359 1331 400 aliquantum
1371 357 1543 393 vtilitatis

105 410 373 455 honorumque
398 407 476 452 ἱρῆς
496 419 535 443 ac
566 406 671 441 lludii
707 406 937 443 delaturum:
980 407 1178 444 decreuere
1205 406 1450 444 Alexandrum
1478 405 1540 440 ob·
1558 419 1580 452 9

104 469 300 499 truncare,
326 470 365 493 ac
389 456 632 492 Maximinum
657 468 788 491 vocare
806 455 1018 502 augustum,
1045 454 1345 494 commilitonem
1368 454 1544 491 videlicet

105 519 147 544 et
166 508 494 546 contubernalem,
524 515 785 552 praetereaque
815 505 866 540 rei
897 505 1061 554 militaris
1091 505 1230 552 peritia'
1254 506 1409 547 maxime
1441 516 1544 548 prae-

104 555 201 594 senti
223 556 322 592 bello
346 556 534 592 idoneum.
588 555 717 594 Quum
748 553 1101 601 igitur'srequentes
1136 553 1170 590 in
1201 567 1369 596 campum
1406 565 1613 593 conue-‘xo

104 606 263 645 nissent,
291 606 323 651 t)
355 604 521 641 venienti
545 604 589 640 de
609 616 713 639 more
733 604 776 638 ad
797 602 1018 639 exercendos
1041 615 1193 652 tyrones
1217 604 1421 642 Maximino
1464 602 1548 647 (du-

107 655 229 694 bium,
256 654 405 703 ignaro,
429 666 473 689 an
496 666 535 690 re
558 652 656 699 prius
675 651 894 699 composita}
925 655 1120 698 purpuram
1142 652 1388 694 circundant,
1428 653 1548 700 impe-

106 715 345 751 ratoremque
363 703 531 739 salutant.
597 703 663 738 ille
690 703 807 748 primo
830 701 965 741 reniti.
991 715 1026 738 et
1057 703 1216 738 abiicere
1249 716 1468 750 purpuram:
1507 711 1548 736 vt
1572 717 1612 744 11

104 764 227 789 autem
248 752 369 788 nudos
390 750 567 788 intentari
592 751 732 800 gladios
751 764 767 787 a
792 751 971 787 militibus
991 751 1108 792 vidit,
1136 751 1322 789 occisuros
1347 752 1408 787 niu}
1438 752 1546 788 cede‘

104 812 162 839 ret
184 800 466 844 minitantibus,
492 801 658 837 futurum
679 813 789 847 quam
813 801 979 846 praesens
1002 801 1206 847 periculum
1231 814 1463 850 praeoptans,
1483 801 1551 836 ho-

106 850 399 893 noremscilicet
428 850 589 898 recepit,
637 850 905 895 fortunamque
934 851 1032 886 illam
1054 849 1157 896 saepe
1179 856 1236 894 (vt
1254 852 1388 893 aiebat)
1421 862 1547 887 oracu-

106 899 154 937 lis
183 912 223 935 ac
257 899 409 935 somniis
436 900 780 947 praemonstratam:
848 899 998 935 testatus
1031 900 1168 936 milites
1195 901 1317 947 prius.
1361 901 1549 936 *inuitum
1574 913 1618 939 η

107 950 151 995 v)
180 949 513 996 retrastantemque
536 949 570 984 se
596 949 700 997 cogi,
742 948 804 984 sed
834 949 985 984 illorum
1014 960 1138 985 tamen
1166 950 1319 998 obsequi
1349 947 1549 986 voluntati.

109 999 368 1044 Quamobrem
389 997 587 1046 quaeipsis
621 998 847 1044 placuerint,
883 1011 921 1034 re
953 997 1138 1039 sanciant,
1178 1000 1400 1047 sublatisque
1429 997 1550 1038 armis,
1575 1011 1619 1049 ¹3

108 1049 220 1085 etiam
241 1059 446 1092 praeuento
465 1059 633 1088 rumore,
667 1048 909 1084 Alexandrum
934 1046 1001 1082 iam
1021 1048 1072 1083 rei
1094 1047 1211 1086 to‘tius
1232 1049 1398 1097 ignarum
1423 1046 1550 1094 oppri—

109 1108 234 1134 mant:
257 1099 298 1143 x)
327 1107 368 1133 vt
385 1096 524 1133 milites
548 1096 644 1132 illius
663 1108 704 1131 ac
727 1097 914 1142 stipatores
935 1109 972 1133 re
995 1097 1109 1133 subita
1135 1098 1337 1144 perterriti,
1360 1109 1423 1134 aut
1443 1099 1551 1142 spon·
1575 1113 1619 1148 14

110 1156 150 1183 te
168 1158 252 1182 cum
273 1146 453 1193 reliquis,
475 1145 726 1185 consentiant,
750 1157 813 1181 aut
832 1157 932 1181 certe
952 1146 1038 1181 dum
1060 1145 1226 1194 imparati
1253 1148 1354 1187 sunt,
1382 1148 1553 1192 nihilque

109 1194 296 1232 eiusmodi
319 1194 533 1241 expestant,
564 1194 674 1230 etiam
707 1194 860 1242 ingratis
890 1194 1125 1243 subigantur.¹
1166 1196 1295 1232 >vostea
1324 1209 1411 1232 vero
1442 1209 1554 1242 quam
1577 1208 1631 1244 ις·

109 1245 414 1282 beneuolentiam
444 1242 612 1279 omnium
654 1254 767 1291 atque
809 1243 1033 1279 alacritatem
1073 1246 1317 1290 prouocauit,
1367 1246 1556 1292 duplicata

109 1292 250 1330 scilicet
269 1305 436 1331 annona,
463 1292 685 1340 ingentique
705 1292 878 1338 promisso
900 1292 1105 1333 donatiuo.
1145 1295 1352 1342 poenisque
1378 1296 1557 1331 omnibus

112 1341 406 1390 ignominiisque
423 1341 597 1381 remiffis,
626 1342 823 1378 confestim
842 1344 887 1379 ad
912 1341 1110 1381 Alexandri
1132 1345 1425 1388 tabernaculum,
1453 1345 1555 1394 quod
1578 1352 1622 1388 16

111 1391 210 1428 haud
234 1391 368 1440 procul
394 1390 553 1434 abesset,
579 1390 772 1429 vniuersos
800 1392 938 1429 educit.

809 1510 869 1546 lx.

109 1591 210 1660 His
231 1593 296 1631 ille
314 1593 522 1636 nuntiatis,
549 1594 796 1632 vehementer
814 1594 867 1630 rei
897 1595 1068 1631 nouitate
1090 1595 1327 1641 perturbatus
1358 1608 1471 1644 atque
1499 1610 1561 1636 ex-

205 1643 378 1686 territus,
410 1642 551 1692 prosilit
571 1658 591 1680 e
621 1646 882 1685 tabernaculo.
921 1645 1059 1681 vesano
1091 1643 1238 1685 similis,
1281 1646 1562 1695 lacrymansque

112 1702 154 1729 et
173 1704 356 1737 tremens,
381 1706 482 1730 nunc
505 1694 749 1731 Maximinum
779 1692 954 1741 perfidum
984 1692 1247 1743 ingratumque
1274 1707 1428 1737 vocare,
1466 1709 1558 1734 enu-

112 1741 264 1778 meratis
286 1750 530 1790 quaecunque
551 1743 589 1779 in
612 1742 715 1779 illum
737 1741 919 1780 beneficia
940 1743 1170 1780 contuliss'et:
1210 1756 1313 1781 nunc
1333 1748 1377 1792 y'z
1405 1757 1560 1792 tyrones
1579 1761 1602 1786 ι

113 1792 304 1836 accusare,
334 1792 396 1840 qui
420 1793 589 1842 negle&o
611 1791 861 1834 sacramento,
890 1793 982 1829 adeo
1001 1793 1228 1840 proteruiter
1258 1794 1294 1830 id
1324 1795 1470 1832 facinus
1500 1807 1562 1832 au-

115 1839 268 1877 derent:
297 1841 483 1889 postremo
504 1853 628 1878 autem
654 1842 824 1889 polliceri
845 1842 1016 1879 daturum
1043 1841 1078 1878 se
1104 1855 1200 1890 quae
1228 1844 1392 1886 vellent,
1439 1857 1565 1880 emen-

115 1889 366 1939 daturumque
385 1895 426 1937 z)
456 1891 555 1938 siqua
575 1890 834 1929 desiderarent.
878 1892 953 1928 Sed
974 1890 1127 1933 milites,
1154 1892 1218 1938 qui
1240 1905 1323 1929 eum
1348 1895 1563 1935 tuebantur,
1583 1910 1600 1949 ς

114 1937 239 1975 faustis
276 1941 314 1987 a)
373 1941 597 1988 impraesens
649 1941 977 1978 acclamationibus
1033 1942 1243 1989 prosequuti
1260 1967 1271 1983 ,
1341 1942 1562 1980 defensuros

116 2001 201 2024 eum
221 1990 363 2026 cunffis
387 1990 529 2026 viribus
558 1991 800 2028 affirmabant.
861 1991 982 2028 Noae
1008 2002 1131 2027 aurem
1163 1992 1306 2034 exaGta,
1341 2004 1457 2037 quum
1492 1991 1603 2048 iam4

115 2037 328 2080 lucesceret,
359 2040 626 2076 'nuntiantibus
653 2039 873 2086 quibusdam
896 2039 1012 2075 adesse
1038 2038 1309 2081 Maximinum,
1347 2043 1568 2087 puluerem-

115 2097 192 2135 que
211 2086 307 2123 haud
334 2090 466 2135 procul
492 2087 865 2131 excitatumvvideri,
911 2099 953 2123 ac
988 2101 1096 2125 voces
1124 2101 1277 2138 magnae
1307 2090 1565 2130 multitudinis

165 2205 198 2252 s)
226 2203 419 2242 ambitiosa
439 2203 822 2246 liberalitatememm.
871 2204 944 2241 hoc
972 2204 1145 2252 adigant,
1189 2216 1321 2252 vtpote
1348 2205 1565 2253 imparatos,

165 2255 196 2302 t)
225 2253 395 2291 venienti
416 2255 460 2291 ad
484 2254 660 2290 consueta
681 2253 822 2289 exerci-
872 2252 974 2300 quod
1002 2255 1097 2290 nihil
1121 2251 1308 2292 eiusmodi
1345 2257 1569 2304 exspectent,

114 2302 167 2340 tia
190 2302 404 2340 Maximino.
464 2303 536 2339 Sed
552 2305 821 2349 Pol.quaenam
871 2303 997 2339 Postea
1034 2325 1073 2332 -
1107 2305 1225 2353 Steph.

118 2351 184 2389 illa
207 2353 360 2394 fuerint,
387 2352 558 2402 exponit,
585 2365 628 2389 ex
650 2353 707 2394 iis,
728 2364 823 2399 quae
911 2353 957 2400 y)
983 2352 1141 2390 iuuenes
1162 2353 1443 2392 commilitones
1472 2368 1574 2392 accu-

117 2402 361 2440 Herodianus
393 2404 506 2451 paulo
526 2414 616 2442 ante
644 2402 819 2438 narrauit.
865 2401 962 2451 sare.
1009 2403 1070 2437 Sic
1089 2403 1244 2439 fortaffis
1265 2406 1473 2441 Alexander
1504 2416 1573 2446 eos

115 2451 236 2499 steph.
680 2472 682 2474 ·
871 2452 1001 2488 solitus
1024 2462 1101 2488 erat
1120 2453 1315 2499 appellare.
1352 2454 1470 2501 Steph.

162 2503 203 2545 v)
232 2513 266 2548 q.
288 2513 317 2538 c.
338 2500 479 2538 retrest.
516 2500 607 2548 Sylb.
919 2502 958 2545 z)
988 2500 1008 2536 li
1023 2513 1092 2550 qua
1116 2501 1243 2544 essent,
1269 2502 1316 2540 de
1335 2502 1579 2552 quibusque-

160 2552 204 2596 κ)
233 2561 295 2590 vt.
321 2560 464 2587 terrore
484 2550 662 2587 militibus
682 2548 759 2586 eius
781 2560 822 2584 ac
870 2561 1052 2588 terentur.
1078 2552 1196 2600 Steph.
1440 2553 1446 2556 ”

115 2598 353 2645 stipatoribus
375 2600 533 2641 mietio,
557 2612 622 2637 eos
640 2601 682 2636 ad
705 2599 819 2635 affen-
919 2601 960 2648 a)
986 2599 1050 2636 illo
1072 2600 1158 2644 die,
1186 2601 1327 2638 Memm-

117 2647 196 2686 sum
228 2649 438 2691 adducant,
483 2661 548 2687 aut
572 2650 754 2686 facillime
776 2646 821 2683 ad
