<?xml version="1.0" encoding="UTF-8"?>
<!DOCTYPE html PUBLIC "-//W3C//DTD XHTML 1.0 Transitional//EN"
    "http://www.w3.org/TR/xhtml1/DTD/xhtml1-transitional.dtd">
<html xmlns="http://www.w3.org/1999/xhtml" xml:lang="en" lang="en">
 <head>
  <title>
</title>
<meta http-equiv="Content-Type" content="text/html;charset=utf-8" />
  <meta name='ocr-system' content='tesseract 3.04.00' />
  <meta name='ocr-capabilities' content='ocr_page ocr_carea ocr_par ocr_line ocrx_word'/>
</head>
<body>
  <div class='ocr_page' id='page_1' title='image "./historiarumlibri04hero_0119.png"; bbox 0 0 1707 3029; ppageno 0'>
   <div class='ocr_carea' id='block_1_1' title="bbox 563 67 801 116">
    <p class='ocr_par' dir='ltr' id='par_1_1' title="bbox 563 67 801 116">
     <span class='ocr_line' id='line_1_1' title="bbox 563 67 801 116; baseline -0.004 0"><span class='ocrx_word' id='word_1_1' title='bbox 563 67 801 116; x_wconf 85' lang='lat' dir='ltr'>LIBE</span> 
     </span>
    </p>
   </div>
   <div class='ocr_carea' id='block_1_2' title="bbox 839 67 1508 128">
    <p class='ocr_par' dir='ltr' id='par_1_2' title="bbox 839 67 1508 128">
     <span class='ocr_line' id='line_1_2' title="bbox 839 67 1508 128; baseline 0.007 -14"><span class='ocrx_word' id='word_1_2' title='bbox 839 67 880 114; x_wconf 90' lang='lat' dir='ltr'>R</span> <span class='ocrx_word' id='word_1_3' title='bbox 959 68 1016 115; x_wconf 84' lang='lat' dir='ltr'>V.</span> <span class='ocrx_word' id='word_1_4' title='bbox 1445 74 1508 128; x_wconf 83' lang='lat'>89</span> 
     </span>
    </p>
   </div>
   <div class='ocr_carea' id='block_1_3' title="bbox 40 174 1575 330">
    <p class='ocr_par' dir='ltr' id='par_1_3' title="bbox 40 174 1575 330">
     <span class='ocr_line' id='line_1_3' title="bbox 40 174 1513 230; baseline -0.003 -10"><span class='ocrx_word' id='word_1_5' title='bbox 40 174 45 178; x_wconf 67' lang='lat'>,</span> <span class='ocrx_word' id='word_1_6' title='bbox 72 180 325 230; x_wconf 75' lang='lat' dir='ltr'>Propontidos</span> <span class='ocrx_word' id='word_1_7' title='bbox 343 181 464 225; x_wconf 85' lang='lat' dir='ltr'>freto,</span> <span class='ocrx_word' id='word_1_8' title='bbox 491 180 638 230; x_wconf 85' lang='lat' dir='ltr'>iamque</span> <span class='ocrx_word' id='word_1_9' title='bbox 658 180 842 226; x_wconf 81' lang='lat' dir='ltr'>Byzantio</span> <span class='ocrx_word' id='word_1_10' title='bbox 865 178 1250 226; x_wconf 77' lang='lat' dir='ltr'>appropinquantem,</span> <span class='ocrx_word' id='word_1_11' title='bbox 1304 190 1421 217; x_wconf 89' lang='lat' dir='ltr'>vento</span> <span class='ocrx_word' id='word_1_12' title='bbox 1444 180 1513 216; x_wconf 78' lang='lat' dir='ltr'>ad·-</span> 
     </span>
     <span class='ocr_line' id='line_1_4' title="bbox 74 227 1511 279; baseline -0.003 -9"><span class='ocrx_word' id='word_1_13' title='bbox 74 233 184 271; x_wconf 73' lang='lat' dir='ltr'>uerso</span> <span class='ocrx_word' id='word_1_14' title='bbox 205 232 303 268; x_wconf 81' lang='lat' dir='ltr'>vsum</span> <span class='ocrx_word' id='word_1_15' title='bbox 325 231 546 279; x_wconf 79' lang='lat' dir='ltr'>perbibent,</span> <span class='ocrx_word' id='word_1_16' title='bbox 577 229 705 277; x_wconf 82' lang='lat' dir='ltr'>(quali)</span> <span class='ocrx_word' id='word_1_17' title='bbox 740 227 930 275; x_wconf 74' lang='lat' dir='ltr'>flatu-ipso</span> <span class='ocrx_word' id='word_1_18' title='bbox 960 231 1004 264; x_wconf 87' lang='lat' dir='ltr'>ad</span> <span class='ocrx_word' id='word_1_19' title='bbox 1030 227 1252 274; x_wconf 76' lang='lat' dir='ltr'>supplicium</span> <span class='ocrx_word' id='word_1_20' title='bbox 1280 230 1511 266; x_wconf 75' lang='lat' dir='ltr'>retrudente.</span> 
     </span>
     <span class='ocr_line' id='line_1_5' title="bbox 75 276 1575 330; baseline -0.005 -10"><span class='ocrx_word' id='word_1_21' title='bbox 75 284 117 328; x_wconf 70' lang='lat' dir='ltr'>n)</span> <span class='ocrx_word' id='word_1_22' title='bbox 127 282 290 318; x_wconf 85' lang='lat' dir='ltr'>Tantum</span> <span class='ocrx_word' id='word_1_23' title='bbox 310 280 420 330; x_wconf 86' lang='lat' dir='ltr'>igitur</span> <span class='ocrx_word' id='word_1_24' title='bbox 440 279 562 317; x_wconf 84' lang='lat' dir='ltr'>abfuit</span> <span class='ocrx_word' id='word_1_25' title='bbox 587 278 773 315; x_wconf 80' lang='lat' dir='ltr'>Macrinus</span> <span class='ocrx_word' id='word_1_26' title='bbox 794 277 994 326; x_wconf 77' lang='lat' dir='ltr'>quominus</span> <span class='ocrx_word' id='word_1_27' title='bbox 1021 276 1304 323; x_wconf 85' lang='lat' dir='ltr'>persequutores</span> <span class='ocrx_word' id='word_1_28' title='bbox 1329 278 1512 325; x_wconf 84' lang='lat' dir='ltr'>effugerit,</span> <span class='ocrx_word' id='word_1_29' title='bbox 1533 286 1575 324; x_wconf 76' lang='lat'>23</span> 
     </span>
    </p>
   </div>
   <div class='ocr_carea' id='block_1_4' title="bbox 75 327 808 368">
    <p class='ocr_par' dir='ltr' id='par_1_4' title="bbox 75 327 808 368">
     <span class='ocr_line' id='line_1_6' title="bbox 75 327 808 368; baseline -0.01 0"><span class='ocrx_word' id='word_1_30' title='bbox 75 330 191 368; x_wconf 78' lang='lat' dir='ltr'>finem</span> <span class='ocrx_word' id='word_1_31' title='bbox 215 328 312 366; x_wconf 88' lang='lat' dir='ltr'>vitae</span> <span class='ocrx_word' id='word_1_32' title='bbox 347 329 499 366; x_wconf 89' lang='lat' dir='ltr'>sortitus</span> <span class='ocrx_word' id='word_1_33' title='bbox 533 327 775 364; x_wconf 78' lang='lat' dir='ltr'>foediffimum</span> <span class='ocrx_word' id='word_1_34' title='bbox 797 352 808 367; x_wconf 90' lang='lat'>‚</span> 
     </span>
    </p>
   </div>
   <div class='ocr_carea' id='block_1_5' title="bbox 76 375 1102 426">
    <p class='ocr_par' dir='ltr' id='par_1_5' title="bbox 76 375 1102 426">
     <span class='ocr_line' id='line_1_7' title="bbox 76 375 1102 426; baseline -0.007 -10"><span class='ocrx_word' id='word_1_35' title='bbox 76 380 149 422; x_wconf 86' lang='lat' dir='ltr'>rit,</span> <span class='ocrx_word' id='word_1_36' title='bbox 185 379 285 426; x_wconf 87' lang='lat' dir='ltr'>quod</span> <span class='ocrx_word' id='word_1_37' title='bbox 314 378 430 415; x_wconf 86' lang='lat' dir='ltr'>statim</span> <span class='ocrx_word' id='word_1_38' title='bbox 460 391 478 414; x_wconf 88' lang='lat' dir='ltr'>a</span> <span class='ocrx_word' id='word_1_39' title='bbox 498 376 683 424; x_wconf 84' lang='lat' dir='ltr'>principio</span> <span class='ocrx_word' id='word_1_40' title='bbox 711 375 836 412; x_wconf 86' lang='lat' dir='ltr'>facere</span> <span class='ocrx_word' id='word_1_41' title='bbox 873 382 1102 423; x_wconf 65' lang='lat' dir='ltr'>oportuerat.</span> 
     </span>
    </p>
   </div>
   <div class='ocr_carea' id='block_1_6' title="bbox 857 326 1512 413">
    <p class='ocr_par' dir='ltr' id='par_1_6' title="bbox 857 326 1512 413">
     <span class='ocr_line' id='line_1_8' title="bbox 857 326 1512 374; baseline 0 -11"><span class='ocrx_word' id='word_1_42' title='bbox 857 327 922 374; x_wconf 87' lang='lat' dir='ltr'>qui</span> <span class='ocrx_word' id='word_1_43' title='bbox 947 328 1096 363; x_wconf 83' lang='lat' dir='ltr'>Romam</span> <span class='ocrx_word' id='word_1_44' title='bbox 1116 326 1250 362; x_wconf 73' lang='lat' dir='ltr'>reuerti</span> <span class='ocrx_word' id='word_1_45' title='bbox 1285 327 1365 372; x_wconf 87' lang='lat' dir='ltr'>post</span> <span class='ocrx_word' id='word_1_46' title='bbox 1382 330 1512 363; x_wconf 80' lang='lat' dir='ltr'>volue-</span> 
     </span>
     <span class='ocr_line' id='line_1_9' title="bbox 1183 374 1510 413; baseline 0.006 -3"><span class='ocrx_word' id='word_1_47' title='bbox 1183 374 1357 411; x_wconf 85' lang='lat' dir='ltr'>Offendit</span> <span class='ocrx_word' id='word_1_48' title='bbox 1388 387 1510 413; x_wconf 87' lang='lat' dir='ltr'>autem</span> 
     </span>
    </p>
   </div>
   <div class='ocr_carea' id='block_1_7' title="bbox 74 424 1579 525">
    <p class='ocr_par' dir='ltr' id='par_1_7' title="bbox 74 424 1579 525">
     <span class='ocr_line' id='line_1_10' title="bbox 74 424 1579 474; baseline -0.001 -10"><span class='ocrx_word' id='word_1_49' title='bbox 74 428 231 466; x_wconf 80' lang='lat' dir='ltr'>consilio</span> <span class='ocrx_word' id='word_1_50' title='bbox 253 427 386 473; x_wconf 88' lang='lat' dir='ltr'>pariter</span> <span class='ocrx_word' id='word_1_51' title='bbox 405 438 515 474; x_wconf 89' lang='lat' dir='ltr'>atque</span> <span class='ocrx_word' id='word_1_52' title='bbox 544 427 707 463; x_wconf 86' lang='lat' dir='ltr'>fortuna.</span> <span class='ocrx_word' id='word_1_53' title='bbox 743 427 793 461; x_wconf 88' lang='lat' dir='ltr'>Ita</span> <span class='ocrx_word' id='word_1_54' title='bbox 817 425 956 461; x_wconf 75' lang='lat' dir='ltr'>scilicet</span> <span class='ocrx_word' id='word_1_55' title='bbox 967 424 1108 459; x_wconf 81' lang='lat' dir='ltr'>occisus</span> <span class='ocrx_word' id='word_1_56' title='bbox 1128 424 1177 461; x_wconf 87' lang='lat' dir='ltr'>est</span> <span class='ocrx_word' id='word_1_57' title='bbox 1189 424 1399 467; x_wconf 84' lang='lat' dir='ltr'>Macrinus,</span> <span class='ocrx_word' id='word_1_58' title='bbox 1427 437 1511 463; x_wconf 88' lang='lat' dir='ltr'>cum</span> <span class='ocrx_word' id='word_1_59' title='bbox 1531 437 1579 472; x_wconf 79' lang='lat'>24</span> 
     </span>
     <span class='ocr_line' id='line_1_11' title="bbox 75 473 1157 525; baseline -0.006 -10"><span class='ocrx_word' id='word_1_60' title='bbox 75 476 156 515; x_wconf 74' lang='lat' dir='ltr'>silio</span> <span class='ocrx_word' id='word_1_61' title='bbox 179 479 213 525; x_wconf 86' lang='lat' dir='ltr'>o)</span> <span class='ocrx_word' id='word_1_62' title='bbox 240 475 495 520; x_wconf 84' lang='lat' dir='ltr'>Diadumeno,</span> <span class='ocrx_word' id='word_1_63' title='bbox 520 487 632 524; x_wconf 89' lang='lat' dir='ltr'>quem</span> <span class='ocrx_word' id='word_1_64' title='bbox 650 474 723 511; x_wconf 84' lang='lat' dir='ltr'>iam</span> <span class='ocrx_word' id='word_1_65' title='bbox 740 473 929 512; x_wconf 79' lang='lat' dir='ltr'>Caesarem</span> <span class='ocrx_word' id='word_1_66' title='bbox 948 474 1100 511; x_wconf 79' lang='lat' dir='ltr'>feceras.</span> <span class='ocrx_word' id='word_1_67' title='bbox 1155 502 1157 505; x_wconf 63' lang='grc'>,</span> 
     </span>
    </p>
   </div>
   <div class='ocr_carea' id='block_1_8' title="bbox 773 523 821 558">
    <p class='ocr_par' dir='ltr' id='par_1_8' title="bbox 773 523 821 558">
     <span class='ocr_line' id='line_1_12' title="bbox 773 523 821 558; baseline 0 0"><span class='ocrx_word' id='word_1_68' title='bbox 773 523 821 558; x_wconf 86' lang='lat' dir='ltr'>V.</span> 
     </span>
    </p>
   </div>
   <div class='ocr_carea' id='block_1_9' title="bbox 76 618 127 686">
    <p class='ocr_par' dir='ltr' id='par_1_9' title="bbox 76 618 127 686">
     <span class='ocr_line' id='line_1_13' title="bbox 76 618 127 686; baseline 0 0"><span class='ocrx_word' id='word_1_69' title='bbox 76 618 127 686; x_wconf 92' lang='lat' dir='ltr'>P</span> 
     </span>
    </p>
   </div>
   <div class='ocr_carea' id='block_1_10' title="bbox 142 616 1517 714">
    <p class='ocr_par' dir='ltr' id='par_1_10' title="bbox 142 616 1517 714">
     <span class='ocr_line' id='line_1_14' title="bbox 142 616 1515 668; baseline 0.001 -13"><span class='ocrx_word' id='word_1_70' title='bbox 142 617 236 657; x_wconf 88' lang='lat' dir='ltr'>ostea</span> <span class='ocrx_word' id='word_1_71' title='bbox 257 631 348 656; x_wconf 87' lang='lat' dir='ltr'>vero</span> <span class='ocrx_word' id='word_1_72' title='bbox 367 630 473 666; x_wconf 88' lang='lat' dir='ltr'>quam</span> <span class='ocrx_word' id='word_1_73' title='bbox 495 617 678 655; x_wconf 86' lang='lat' dir='ltr'>exercitus</span> <span class='ocrx_word' id='word_1_74' title='bbox 700 616 890 654; x_wconf 75' lang='lat' dir='ltr'>vniuersus</span> <span class='ocrx_word' id='word_1_75' title='bbox 909 618 1158 661; x_wconf 74' lang='lat' dir='ltr'>Antoninum,</span> <span class='ocrx_word' id='word_1_76' title='bbox 1183 620 1233 654; x_wconf 81' lang='lat' dir='ltr'>ad</span> <span class='ocrx_word' id='word_1_77' title='bbox 1249 630 1345 668; x_wconf 85' lang='lat' dir='ltr'>quem</span> <span class='ocrx_word' id='word_1_78' title='bbox 1364 621 1515 667; x_wconf 65' lang='lat' dir='ltr'>craffe-</span> 
     </span>
     <span class='ocr_line' id='line_1_15' title="bbox 164 666 1517 714; baseline 0.002 -12"><span class='ocrx_word' id='word_1_79' title='bbox 164 679 250 712; x_wconf 63' lang='grc' dir='ltr'>ναι,</span> <span class='ocrx_word' id='word_1_80' title='bbox 277 669 536 713; x_wconf 83' lang='lat' dir='ltr'>imperatorem</span> <span class='ocrx_word' id='word_1_81' title='bbox 559 666 822 708; x_wconf 80' lang='lat' dir='ltr'>consalutauit,</span> <span class='ocrx_word' id='word_1_82' title='bbox 878 679 988 714; x_wconf 85' lang='lat' dir='ltr'>atque</span> <span class='ocrx_word' id='word_1_83' title='bbox 1016 667 1079 704; x_wconf 88' lang='lat' dir='ltr'>ille</span> <span class='ocrx_word' id='word_1_84' title='bbox 1101 667 1278 704; x_wconf 87' lang='lat' dir='ltr'>summam</span> <span class='ocrx_word' id='word_1_85' title='bbox 1304 681 1423 705; x_wconf 91' lang='lat' dir='ltr'>rerum</span> <span class='ocrx_word' id='word_1_86' title='bbox 1445 670 1517 705; x_wconf 79' lang='lat' dir='ltr'>sus-</span> 
     </span>
    </p>
   </div>
   <div class='ocr_carea' id='block_1_11' title="bbox 74 716 1551 863">
    <p class='ocr_par' dir='ltr' id='par_1_11' title="bbox 74 716 1551 863">
     <span class='ocr_line' id='line_1_16' title="bbox 74 716 1551 765; baseline 0 -11"><span class='ocrx_word' id='word_1_87' title='bbox 74 718 200 763; x_wconf 84' lang='lat' dir='ltr'>cepit,</span> <span class='ocrx_word' id='word_1_88' title='bbox 241 718 351 754; x_wconf 87' lang='lat' dir='ltr'>rebus</span> <span class='ocrx_word' id='word_1_89' title='bbox 369 717 440 753; x_wconf 89' lang='lat' dir='ltr'>iarn</span> <span class='ocrx_word' id='word_1_90' title='bbox 461 716 500 752; x_wconf 90' lang='lat' dir='ltr'>in</span> <span class='ocrx_word' id='word_1_91' title='bbox 523 716 704 758; x_wconf 82' lang='lat' dir='ltr'>Oriente,</span> <span class='ocrx_word' id='word_1_92' title='bbox 739 727 778 751; x_wconf 82' lang='lat' dir='ltr'>vt</span> <span class='ocrx_word' id='word_1_93' title='bbox 808 728 977 763; x_wconf 85' lang='lat' dir='ltr'>quaeque</span> <span class='ocrx_word' id='word_1_94' title='bbox 1000 716 1154 754; x_wconf 82' lang='lat' dir='ltr'>maxime</span> <span class='ocrx_word' id='word_1_95' title='bbox 1174 719 1373 765; x_wconf 76' lang='lat' dir='ltr'>vrgebant,</span> <span class='ocrx_word' id='word_1_96' title='bbox 1415 717 1516 754; x_wconf 83' lang='lat' dir='ltr'>ordi·</span> <span class='ocrx_word' id='word_1_97' title='bbox 1549 721 1551 723; x_wconf 83' lang='grc'><strong>’</strong></span> 
     </span>
     <span class='ocr_line' id='line_1_17' title="bbox 75 765 1517 814; baseline -0.001 -9"><span class='ocrx_word' id='word_1_98' title='bbox 75 766 196 808; x_wconf 84' lang='lat' dir='ltr'>natis,</span> <span class='ocrx_word' id='word_1_99' title='bbox 219 767 264 802; x_wconf 87' lang='lat' dir='ltr'>ab</span> <span class='ocrx_word' id='word_1_100' title='bbox 283 765 364 802; x_wconf 87' lang='lat' dir='ltr'>auia</span> <span class='ocrx_word' id='word_1_101' title='bbox 384 765 526 802; x_wconf 87' lang='lat' dir='ltr'>scilicet</span> <span class='ocrx_word' id='word_1_102' title='bbox 543 777 656 814; x_wconf 84' lang='lat' dir='ltr'>atque</span> <span class='ocrx_word' id='word_1_103' title='bbox 689 765 815 801; x_wconf 84' lang='lat' dir='ltr'>amicis</span> <span class='ocrx_word' id='word_1_104' title='bbox 845 767 906 812; x_wconf 80' lang='lat' dir='ltr'>qui</span> <span class='ocrx_word' id='word_1_105' title='bbox 933 779 1006 801; x_wconf 86' lang='lat' dir='ltr'>cum</span> <span class='ocrx_word' id='word_1_106' title='bbox 1033 779 1069 803; x_wconf 85' lang='lat' dir='ltr'>eo</span> <span class='ocrx_word' id='word_1_107' title='bbox 1095 766 1355 814; x_wconf 79' lang='lat' dir='ltr'>versabantur,</span> <span class='ocrx_word' id='word_1_108' title='bbox 1400 770 1517 813; x_wconf 89' lang='lat' dir='ltr'>(nam</span> 
     </span>
     <span class='ocr_line' id='line_1_18' title="bbox 76 814 1516 863; baseline -0.001 -10"><span class='ocrx_word' id='word_1_109' title='bbox 76 815 174 863; x_wconf 81' lang='lat' dir='ltr'>ipse,</span> <span class='ocrx_word' id='word_1_110' title='bbox 213 814 427 852; x_wconf 72' lang='lat' dir='ltr'>adolescens</span> <span class='ocrx_word' id='word_1_111' title='bbox 456 815 654 851; x_wconf 82' lang='lat' dir='ltr'>admodum</span> <span class='ocrx_word' id='word_1_112' title='bbox 689 826 730 850; x_wconf 84' lang='lat' dir='ltr'>ac</span> <span class='ocrx_word' id='word_1_113' title='bbox 757 826 881 850; x_wconf 83' lang='lat' dir='ltr'>rerum</span> <span class='ocrx_word' id='word_1_114' title='bbox 912 815 1171 863; x_wconf 69' lang='lat' dir='ltr'>literarumque</span> <span class='ocrx_word' id='word_1_115' title='bbox 1199 828 1276 853; x_wconf 87' lang='lat' dir='ltr'>erat</span> <span class='ocrx_word' id='word_1_116' title='bbox 1301 816 1516 863; x_wconf 84' lang='lat' dir='ltr'>imperitus)</span> 
     </span>
    </p>
   </div>
   <div class='ocr_carea' id='block_1_12' title="bbox 77 863 807 920">
    <p class='ocr_par' dir='ltr' id='par_1_12' title="bbox 77 863 807 920">
     <span class='ocr_line' id='line_1_19' title="bbox 77 863 807 920; baseline -0.005 -18"><span class='ocrx_word' id='word_1_117' title='bbox 77 865 179 905; x_wconf 73' lang='lat' dir='ltr'>hand</span> <span class='ocrx_word' id='word_1_118' title='bbox 199 864 261 901; x_wconf 87' lang='lat' dir='ltr'>diu</span> <span class='ocrx_word' id='word_1_119' title='bbox 284 875 461 906; x_wconf 83' lang='lat' dir='ltr'>moratus,</span> <span class='ocrx_word' id='word_1_120' title='bbox 482 863 807 920; x_wconf 68' lang='lat' dir='ltr'>p)profe8tionem</span> 
     </span>
    </p>
   </div>
   <div class='ocr_carea' id='block_1_13' title="bbox 75 911 966 954">
    <p class='ocr_par' dir='ltr' id='par_1_13' title="bbox 75 911 966 954">
     <span class='ocr_line' id='line_1_20' title="bbox 75 911 966 954; baseline -0.002 -4"><span class='ocrx_word' id='word_1_121' title='bbox 75 914 123 951; x_wconf 83' lang='lat' dir='ltr'>ad</span> <span class='ocrx_word' id='word_1_122' title='bbox 149 915 299 950; x_wconf 85' lang='lat' dir='ltr'>Romam</span> <span class='ocrx_word' id='word_1_123' title='bbox 320 913 436 949; x_wconf 89' lang='lat' dir='ltr'>aulam</span> <span class='ocrx_word' id='word_1_124' title='bbox 450 938 462 954; x_wconf 81' lang='lat'>,</span> <span class='ocrx_word' id='word_1_125' title='bbox 490 926 547 950; x_wconf 81' lang='lat' dir='ltr'>cui</span> <span class='ocrx_word' id='word_1_126' title='bbox 572 924 643 949; x_wconf 82' lang='lat' dir='ltr'>tam</span> <span class='ocrx_word' id='word_1_127' title='bbox 664 913 727 950; x_wconf 86' lang='lat' dir='ltr'>diu</span> <span class='ocrx_word' id='word_1_128' title='bbox 746 911 966 949; x_wconf 75' lang='lat' dir='ltr'>insueuiss‘et.</span> 
     </span>
    </p>
   </div>
   <div class='ocr_carea' id='block_1_14' title="bbox 827 863 1517 962">
    <p class='ocr_par' dir='ltr' id='par_1_14' title="bbox 827 863 1517 962">
     <span class='ocr_line' id='line_1_21' title="bbox 827 863 1517 912; baseline 0 -12"><span class='ocrx_word' id='word_1_129' title='bbox 827 863 962 900; x_wconf 86' lang='lat' dir='ltr'>edicit:</span> <span class='ocrx_word' id='word_1_130' title='bbox 991 863 1189 902; x_wconf 80' lang='lat' dir='ltr'>festinante</span> <span class='ocrx_word' id='word_1_131' title='bbox 1203 864 1383 912; x_wconf 83' lang='lat' dir='ltr'>imprimis</span> <span class='ocrx_word' id='word_1_132' title='bbox 1396 864 1517 901; x_wconf 80' lang='lat' dir='ltr'>Maesa</span> 
     </span>
     <span class='ocr_line' id='line_1_22' title="bbox 1021 914 1516 962; baseline 0 -13"><span class='ocrx_word' id='word_1_133' title='bbox 1021 916 1091 950; x_wconf 85' lang='lat' dir='ltr'>Sed</span> <span class='ocrx_word' id='word_1_134' title='bbox 1112 927 1152 951; x_wconf 89' lang='lat' dir='ltr'>vt</span> <span class='ocrx_word' id='word_1_135' title='bbox 1182 914 1322 951; x_wconf 85' lang='lat' dir='ltr'>senatui</span> <span class='ocrx_word' id='word_1_136' title='bbox 1353 914 1516 962; x_wconf 82' lang='lat' dir='ltr'>populo-</span> 
     </span>
    </p>
   </div>
   <div class='ocr_carea' id='block_1_15' title="bbox 50 961 1522 1404">
    <p class='ocr_par' dir='ltr' id='par_1_15' title="bbox 50 961 1522 1404">
     <span class='ocr_line' id='line_1_23' title="bbox 75 961 1514 1011; baseline -0.001 -11"><span class='ocrx_word' id='word_1_137' title='bbox 75 975 153 1011; x_wconf 83' lang='lat' dir='ltr'>que</span> <span class='ocrx_word' id='word_1_138' title='bbox 174 965 341 1000; x_wconf 82' lang='lat' dir='ltr'>Romano</span> <span class='ocrx_word' id='word_1_139' title='bbox 362 974 417 998; x_wconf 90' lang='lat' dir='ltr'>res</span> <span class='ocrx_word' id='word_1_140' title='bbox 439 961 629 1004; x_wconf 85' lang='lat' dir='ltr'>innotuit,</span> <span class='ocrx_word' id='word_1_141' title='bbox 653 975 782 998; x_wconf 89' lang='lat' dir='ltr'>omnes</span> <span class='ocrx_word' id='word_1_142' title='bbox 815 975 903 1000; x_wconf 82' lang='lat' dir='ltr'>eum</span> <span class='ocrx_word' id='word_1_143' title='bbox 929 963 1105 999; x_wconf 85' lang='lat' dir='ltr'>nuntium</span> <span class='ocrx_word' id='word_1_144' title='bbox 1137 964 1294 1011; x_wconf 81' lang='lat' dir='ltr'>grauiter</span> <span class='ocrx_word' id='word_1_145' title='bbox 1321 975 1514 1011; x_wconf 84' lang='lat' dir='ltr'>accepere:</span> 
     </span>
     <span class='ocr_line' id='line_1_24' title="bbox 75 1010 1515 1059; baseline -0.001 -9"><span class='ocrx_word' id='word_1_146' title='bbox 75 1012 140 1050; x_wconf 72' lang='lat' dir='ltr'>sed</span> <span class='ocrx_word' id='word_1_147' title='bbox 163 1012 363 1059; x_wconf 84' lang='lat' dir='ltr'>parendum</span> <span class='ocrx_word' id='word_1_148' title='bbox 386 1011 588 1047; x_wconf 78' lang='lat' dir='ltr'>netellitati</span> <span class='ocrx_word' id='word_1_149' title='bbox 606 1010 701 1053; x_wconf 89' lang='lat' dir='ltr'>fuit,</span> <span class='ocrx_word' id='word_1_150' title='bbox 728 1011 845 1047; x_wconf 73' lang='lat' dir='ltr'>elesto</span> <span class='ocrx_word' id='word_1_151' title='bbox 864 1024 883 1046; x_wconf 86' lang='lat' dir='ltr'>a</span> <span class='ocrx_word' id='word_1_152' title='bbox 904 1011 1085 1048; x_wconf 83' lang='lat' dir='ltr'>militibus</span> <span class='ocrx_word' id='word_1_153' title='bbox 1107 1011 1288 1059; x_wconf 76' lang='lat' dir='ltr'>principe.</span> <span class='ocrx_word' id='word_1_154' title='bbox 1316 1016 1515 1049; x_wconf 82' lang='lat' dir='ltr'>Caeterum</span> 
     </span>
     <span class='ocr_line' id='line_1_25' title="bbox 77 1059 1517 1109; baseline -0.001 -11"><span class='ocrx_word' id='word_1_155' title='bbox 77 1061 288 1098; x_wconf 88' lang='lat' dir='ltr'>incusantes</span> <span class='ocrx_word' id='word_1_156' title='bbox 306 1060 462 1097; x_wconf 90' lang='lat' dir='ltr'>Macrini</span> <span class='ocrx_word' id='word_1_157' title='bbox 487 1060 681 1109; x_wconf 72' lang='lat' dir='ltr'>negligens</span> <span class='ocrx_word' id='word_1_158' title='bbox 702 1059 895 1107; x_wconf 85' lang='lat' dir='ltr'>ingenium</span> <span class='ocrx_word' id='word_1_159' title='bbox 916 1061 1111 1109; x_wconf 82' lang='lat' dir='ltr'>fluxosque</span> <span class='ocrx_word' id='word_1_160' title='bbox 1142 1074 1282 1102; x_wconf 84' lang='lat' dir='ltr'>mores,</span> <span class='ocrx_word' id='word_1_161' title='bbox 1326 1061 1517 1098; x_wconf 86' lang='lat' dir='ltr'>neminem</span> 
     </span>
     <span class='ocr_line' id='line_1_26' title="bbox 78 1107 1517 1157; baseline -0.001 -10"><span class='ocrx_word' id='word_1_162' title='bbox 78 1111 211 1157; x_wconf 87' lang='lat' dir='ltr'>vtique</span> <span class='ocrx_word' id='word_1_163' title='bbox 228 1111 361 1151; x_wconf 88' lang='lat' dir='ltr'>alium,</span> <span class='ocrx_word' id='word_1_164' title='bbox 389 1107 450 1146; x_wconf 89' lang='lat' dir='ltr'>sed</span> <span class='ocrx_word' id='word_1_165' title='bbox 473 1109 588 1156; x_wconf 86' lang='lat' dir='ltr'>ipsum</span> <span class='ocrx_word' id='word_1_166' title='bbox 609 1109 671 1145; x_wconf 86' lang='lat' dir='ltr'>sibi</span> <span class='ocrx_word' id='word_1_167' title='bbox 693 1109 799 1145; x_wconf 81' lang='lat' dir='ltr'>fuisse</span> <span class='ocrx_word' id='word_1_168' title='bbox 820 1108 903 1144; x_wconf 86' lang='lat' dir='ltr'>mali</span> <span class='ocrx_word' id='word_1_169' title='bbox 925 1109 1066 1147; x_wconf 80' lang='lat' dir='ltr'>causam</span> <span class='ocrx_word' id='word_1_170' title='bbox 1087 1110 1316 1147; x_wconf 72' lang='lat' dir='ltr'>diffitabant.</span> <span class='ocrx_word' id='word_1_171' title='bbox 1366 1113 1416 1148; x_wconf 89' lang='lat' dir='ltr'>At</span> <span class='ocrx_word' id='word_1_172' title='bbox 1428 1124 1517 1147; x_wconf 90' lang='lat' dir='ltr'>vero</span> 
     </span>
     <span class='ocr_line' id='line_1_27' title="bbox 75 1157 1518 1207; baseline 0.001 -12"><span class='ocrx_word' id='word_1_173' title='bbox 75 1158 294 1198; x_wconf 81' lang='lat' dir='ltr'>Antoninus</span> <span class='ocrx_word' id='word_1_174' title='bbox 311 1172 333 1196; x_wconf 86' lang='lat' dir='ltr'>e</span> <span class='ocrx_word' id='word_1_175' title='bbox 353 1158 452 1206; x_wconf 87' lang='lat' dir='ltr'>Syria</span> <span class='ocrx_word' id='word_1_176' title='bbox 477 1157 689 1204; x_wconf 53' lang='lat' dir='ltr'>prosperas,</span> <span class='ocrx_word' id='word_1_177' title='bbox 716 1158 961 1195; x_wconf 84' lang='lat' dir='ltr'>Nicomediae</span> <span class='ocrx_word' id='word_1_178' title='bbox 993 1160 1207 1206; x_wconf 84' lang='lat' dir='ltr'>hyemauit,</span> <span class='ocrx_word' id='word_1_179' title='bbox 1242 1160 1292 1196; x_wconf 87' lang='lat' dir='ltr'>ita</span> <span class='ocrx_word' id='word_1_180' title='bbox 1312 1161 1518 1207; x_wconf 88' lang='lat' dir='ltr'>postulante</span> 
     </span>
     <span class='ocr_line' id='line_1_28' title="bbox 50 1206 1519 1256; baseline -0.001 -11"><span class='ocrx_word' id='word_1_181' title='bbox 50 1228 51 1231; x_wconf 40' lang='lat'>¹</span> <span class='ocrx_word' id='word_1_182' title='bbox 75 1209 165 1246; x_wconf 85' lang='lat' dir='ltr'>anni</span> <span class='ocrx_word' id='word_1_183' title='bbox 186 1219 366 1254; x_wconf 87' lang='lat' dir='ltr'>tempore.</span> <span class='ocrx_word' id='word_1_184' title='bbox 416 1207 548 1243; x_wconf 89' lang='lat' dir='ltr'>Statim</span> <span class='ocrx_word' id='word_1_185' title='bbox 579 1206 692 1255; x_wconf 84' lang='lat' dir='ltr'>igitur</span> <span class='ocrx_word' id='word_1_186' title='bbox 721 1207 1021 1244; x_wconf 85' lang='lat' dir='ltr'>debacchari</span> <span class='ocrx_word' id='word_1_187' title='bbox 1050 1208 1155 1255; x_wconf 89' lang='lat' dir='ltr'>supra</span> <span class='ocrx_word' id='word_1_188' title='bbox 1196 1211 1345 1245; x_wconf 88' lang='lat' dir='ltr'>modum</span> <span class='ocrx_word' id='word_1_189' title='bbox 1379 1209 1519 1256; x_wconf 87' lang='lat' dir='ltr'>coepit,</span> 
     </span>
     <span class='ocr_line' id='line_1_29' title="bbox 76 1254 1519 1305; baseline 0 -11"><span class='ocrx_word' id='word_1_190' title='bbox 76 1258 295 1305; x_wconf 86' lang='lat' dir='ltr'>cultumque</span> <span class='ocrx_word' id='word_1_191' title='bbox 317 1255 424 1303; x_wconf 86' lang='lat' dir='ltr'>patrii</span> <span class='ocrx_word' id='word_1_192' title='bbox 451 1255 638 1299; x_wconf 86' lang='lat' dir='ltr'>numinis,</span> <span class='ocrx_word' id='word_1_193' title='bbox 664 1257 721 1292; x_wconf 87' lang='lat' dir='ltr'>eui</span> <span class='ocrx_word' id='word_1_194' title='bbox 746 1254 885 1292; x_wconf 86' lang='lat' dir='ltr'>dicatus</span> <span class='ocrx_word' id='word_1_195' title='bbox 904 1256 1048 1299; x_wconf 88' lang='lat' dir='ltr'>fuerat,</span> <span class='ocrx_word' id='word_1_196' title='bbox 1074 1257 1260 1293; x_wconf 84' lang='lat' dir='ltr'>celebrare</span> <span class='ocrx_word' id='word_1_197' title='bbox 1283 1258 1519 1305; x_wconf 88' lang='lat' dir='ltr'>superuacuis</span> 
     </span>
     <span class='ocr_line' id='line_1_30' title="bbox 73 1304 1522 1354; baseline 0.001 -11"><span class='ocrx_word' id='word_1_198' title='bbox 73 1306 358 1346; x_wconf 80' lang='lat' dir='ltr'>saltationibus,</span> <span class='ocrx_word' id='word_1_199' title='bbox 387 1304 557 1342; x_wconf 86' lang='lat' dir='ltr'>vestitum</span> <span class='ocrx_word' id='word_1_200' title='bbox 580 1305 756 1353; x_wconf 88' lang='lat' dir='ltr'>vsurpans</span> <span class='ocrx_word' id='word_1_201' title='bbox 777 1304 1027 1347; x_wconf 86' lang='lat' dir='ltr'>luxuriosum,</span> <span class='ocrx_word' id='word_1_202' title='bbox 1058 1318 1217 1354; x_wconf 84' lang='lat' dir='ltr'>purpura</span> <span class='ocrx_word' id='word_1_203' title='bbox 1248 1307 1437 1345; x_wconf 84' lang='lat' dir='ltr'>intextum</span> <span class='ocrx_word' id='word_1_204' title='bbox 1465 1319 1522 1344; x_wconf 87' lang='lat' dir='ltr'>at·</span> 
     </span>
     <span class='ocr_line' id='line_1_31' title="bbox 76 1353 1522 1404; baseline 0 -12"><span class='ocrx_word' id='word_1_205' title='bbox 76 1368 150 1404; x_wconf 89' lang='lat' dir='ltr'>que</span> <span class='ocrx_word' id='word_1_206' title='bbox 172 1367 282 1397; x_wconf 90' lang='lat' dir='ltr'>auro,</span> <span class='ocrx_word' id='word_1_207' title='bbox 310 1353 589 1402; x_wconf 87' lang='lat' dir='ltr'>monilibusque</span> <span class='ocrx_word' id='word_1_208' title='bbox 607 1365 646 1392; x_wconf 88' lang='lat' dir='ltr'>et</span> <span class='ocrx_word' id='word_1_209' title='bbox 663 1353 815 1391; x_wconf 85' lang='lat' dir='ltr'>armillis</span> <span class='ocrx_word' id='word_1_210' title='bbox 836 1354 1050 1392; x_wconf 88' lang='lat' dir='ltr'>redimitus:</span> <span class='ocrx_word' id='word_1_211' title='bbox 1085 1368 1244 1392; x_wconf 80' lang='lat' dir='ltr'>coronas</span> <span class='ocrx_word' id='word_1_212' title='bbox 1275 1357 1387 1394; x_wconf 84' lang='lat' dir='ltr'>etiam</span> <span class='ocrx_word' id='word_1_213' title='bbox 1416 1356 1522 1393; x_wconf 82' lang='lat' dir='ltr'>susti-</span> 
     </span>
    </p>
   </div>
   <div class='ocr_carea' id='block_1_16' title="bbox 77 1402 1313 1453">
    <p class='ocr_par' dir='ltr' id='par_1_16' title="bbox 77 1402 1313 1453">
     <span class='ocr_line' id='line_1_32' title="bbox 77 1402 1313 1453; baseline 0 -12"><span class='ocrx_word' id='word_1_214' title='bbox 77 1417 173 1442; x_wconf 86' lang='lat' dir='ltr'>nens</span> <span class='ocrx_word' id='word_1_215' title='bbox 192 1403 234 1440; x_wconf 88' lang='lat' dir='ltr'>ad</span> <span class='ocrx_word' id='word_1_216' title='bbox 255 1403 368 1439; x_wconf 84' lang='lat' dir='ltr'>tiarae</span> <span class='ocrx_word' id='word_1_217' title='bbox 388 1404 539 1440; x_wconf 84' lang='lat' dir='ltr'>modum</span> <span class='ocrx_word' id='word_1_218' title='bbox 560 1408 650 1440; x_wconf 84' lang='lat' dir='ltr'>auro</span> <span class='ocrx_word' id='word_1_219' title='bbox 675 1402 886 1452; x_wconf 87' lang='lat' dir='ltr'>lapillisque</span> <span class='ocrx_word' id='word_1_220' title='bbox 912 1405 1080 1451; x_wconf 79' lang='lat' dir='ltr'>pretiosis</span> <span class='ocrx_word' id='word_1_221' title='bbox 1111 1403 1313 1453; x_wconf 79' lang='lat' dir='ltr'>insignitas.</span> 
     </span>
    </p>
   </div>
   <div class='ocr_carea' id='block_1_17' title="bbox 1390 1408 1521 1443">
    <p class='ocr_par' dir='ltr' id='par_1_17' title="bbox 1390 1408 1521 1443">
     <span class='ocr_line' id='line_1_33' title="bbox 1390 1408 1521 1443; baseline 0.008 -1"><span class='ocrx_word' id='word_1_222' title='bbox 1390 1408 1521 1443; x_wconf 83' lang='lat' dir='ltr'>Forma</span> 
     </span>
    </p>
   </div>
   <div class='ocr_carea' id='block_1_18' title="bbox 75 1452 1522 1652">
    <p class='ocr_par' dir='ltr' id='par_1_18' title="bbox 75 1452 1522 1652">
     <span class='ocr_line' id='line_1_34' title="bbox 76 1452 1521 1501; baseline -0.001 -9"><span class='ocrx_word' id='word_1_223' title='bbox 76 1453 225 1492; x_wconf 82' lang='lat' dir='ltr'>habitus</span> <span class='ocrx_word' id='word_1_224' title='bbox 242 1453 340 1491; x_wconf 87' lang='lat' dir='ltr'>inter</span> <span class='ocrx_word' id='word_1_225' title='bbox 359 1452 590 1490; x_wconf 85' lang='lat' dir='ltr'>Phoenissam</span> <span class='ocrx_word' id='word_1_226' title='bbox 611 1454 736 1490; x_wconf 87' lang='lat' dir='ltr'>stolam</span> <span class='ocrx_word' id='word_1_227' title='bbox 761 1452 924 1501; x_wconf 74' lang='lat' dir='ltr'>sacram,</span> <span class='ocrx_word' id='word_1_228' title='bbox 967 1466 1006 1490; x_wconf 87' lang='lat' dir='ltr'>ac</span> <span class='ocrx_word' id='word_1_229' title='bbox 1034 1456 1167 1492; x_wconf 86' lang='lat' dir='ltr'>mollem</span> <span class='ocrx_word' id='word_1_230' title='bbox 1197 1455 1396 1492; x_wconf 86' lang='lat' dir='ltr'>Medorum</span> <span class='ocrx_word' id='word_1_231' title='bbox 1429 1455 1521 1491; x_wconf 89' lang='lat' dir='ltr'>ami-</span> 
     </span>
     <span class='ocr_line' id='line_1_35' title="bbox 75 1502 1522 1552; baseline -0.001 -11"><span class='ocrx_word' id='word_1_232' title='bbox 75 1504 196 1545; x_wconf 71' lang='grc' dir='ltr'>ἂιιιης</span> <span class='ocrx_word' id='word_1_233' title='bbox 221 1515 306 1539; x_wconf 84' lang='lat' dir='ltr'>nam</span> <span class='ocrx_word' id='word_1_234' title='bbox 327 1502 531 1539; x_wconf 86' lang='lat' dir='ltr'>Romanam</span> <span class='ocrx_word' id='word_1_235' title='bbox 552 1503 708 1544; x_wconf 78' lang='lat' dir='ltr'>vestem,</span> <span class='ocrx_word' id='word_1_236' title='bbox 735 1514 797 1540; x_wconf 86' lang='lat' dir='ltr'>aut</span> <span class='ocrx_word' id='word_1_237' title='bbox 820 1504 1107 1546; x_wconf 84' lang='lat' dir='ltr'>Graecanicam,</span> <span class='ocrx_word' id='word_1_238' title='bbox 1145 1505 1252 1549; x_wconf 83' lang='lat' dir='ltr'>plane</span> <span class='ocrx_word' id='word_1_239' title='bbox 1282 1505 1522 1552; x_wconf 83' lang='lat' dir='ltr'>adspernaba-</span> 
     </span>
     <span class='ocr_line' id='line_1_36' title="bbox 75 1551 1520 1598; baseline -0.001 -8"><span class='ocrx_word' id='word_1_240' title='bbox 75 1563 160 1595; x_wconf 77' lang='lat' dir='ltr'>tur,</span> <span class='ocrx_word' id='word_1_241' title='bbox 201 1565 222 1589; x_wconf 92' lang='lat' dir='ltr'>e</span> <span class='ocrx_word' id='word_1_242' title='bbox 243 1553 324 1588; x_wconf 85' lang='lat' dir='ltr'>lana</span> <span class='ocrx_word' id='word_1_243' title='bbox 360 1552 427 1597; x_wconf 90' lang='lat' dir='ltr'>(vt</span> <span class='ocrx_word' id='word_1_244' title='bbox 455 1551 532 1598; x_wconf 82' lang='lat' dir='ltr'>ipse</span> <span class='ocrx_word' id='word_1_245' title='bbox 558 1552 704 1596; x_wconf 86' lang='lat' dir='ltr'>aiebat)</span> <span class='ocrx_word' id='word_1_246' title='bbox 751 1553 825 1593; x_wconf 84' lang='lat' dir='ltr'>hoc</span> <span class='ocrx_word' id='word_1_247' title='bbox 869 1553 920 1590; x_wconf 86' lang='lat' dir='ltr'>est</span> <span class='ocrx_word' id='word_1_248' title='bbox 944 1566 966 1589; x_wconf 88' lang='lat' dir='ltr'>e</span> <span class='ocrx_word' id='word_1_249' title='bbox 997 1567 1035 1590; x_wconf 90' lang='lat' dir='ltr'>re</span> <span class='ocrx_word' id='word_1_250' title='bbox 1065 1552 1254 1597; x_wconf 84' lang='lat' dir='ltr'>viliffima,</span> <span class='ocrx_word' id='word_1_251' title='bbox 1303 1554 1520 1592; x_wconf 58' lang='lat' dir='ltr'>confeelam.</span> 
     </span>
     <span class='ocr_line' id='line_1_37' title="bbox 77 1599 1520 1652; baseline 0.001 -14"><span class='ocrx_word' id='word_1_252' title='bbox 77 1604 117 1652; x_wconf 83' lang='lat' dir='ltr'>q)</span> <span class='ocrx_word' id='word_1_253' title='bbox 136 1602 273 1650; x_wconf 85' lang='lat' dir='ltr'>Neque</span> <span class='ocrx_word' id='word_1_254' title='bbox 295 1599 361 1637; x_wconf 79' lang='lat' dir='ltr'>nifi</span> <span class='ocrx_word' id='word_1_255' title='bbox 374 1599 502 1637; x_wconf 84' lang='lat' dir='ltr'>sericas</span> <span class='ocrx_word' id='word_1_256' title='bbox 523 1602 609 1638; x_wconf 89' lang='lat' dir='ltr'>telas</span> <span class='ocrx_word' id='word_1_257' title='bbox 629 1601 868 1650; x_wconf 78' lang='lat' dir='ltr'>dignabatur,</span> <span class='ocrx_word' id='word_1_258' title='bbox 895 1600 1102 1650; x_wconf 82' lang='lat' dir='ltr'>procedens</span> <span class='ocrx_word' id='word_1_259' title='bbox 1122 1603 1326 1640; x_wconf 77' lang='lat' dir='ltr'>identidem</span> <span class='ocrx_word' id='word_1_260' title='bbox 1349 1605 1393 1640; x_wconf 90' lang='lat' dir='ltr'>ad</span> <span class='ocrx_word' id='word_1_261' title='bbox 1412 1602 1520 1641; x_wconf 85' lang='lat' dir='ltr'>tibias</span> 
     </span>
    </p>
   </div>
   <div class='ocr_carea' id='block_1_19' title="bbox 77 1650 1082 1700">
    <p class='ocr_par' dir='ltr' id='par_1_19' title="bbox 77 1650 1082 1700">
     <span class='ocr_line' id='line_1_38' title="bbox 77 1650 1082 1700; baseline 0.001 -13"><span class='ocrx_word' id='word_1_262' title='bbox 77 1662 118 1687; x_wconf 87' lang='lat' dir='ltr'>et</span> <span class='ocrx_word' id='word_1_263' title='bbox 136 1662 335 1700; x_wconf 86' lang='lat' dir='ltr'>tympana,</span> <span class='ocrx_word' id='word_1_264' title='bbox 363 1650 468 1686; x_wconf 89' lang='lat' dir='ltr'>velut</span> <span class='ocrx_word' id='word_1_265' title='bbox 486 1651 586 1699; x_wconf 83' lang='lat' dir='ltr'>orgia</span> <span class='ocrx_word' id='word_1_266' title='bbox 607 1651 772 1688; x_wconf 86' lang='lat' dir='ltr'>nu&#39;minis</span> <span class='ocrx_word' id='word_1_267' title='bbox 792 1654 1082 1689; x_wconf 83' lang='lat' dir='ltr'>concelebraret.</span> 
     </span>
    </p>
   </div>
   <div class='ocr_carea' id='block_1_20' title="bbox 1133 1654 1519 1690">
    <p class='ocr_par' dir='ltr' id='par_1_20' title="bbox 1133 1654 1519 1690">
     <span class='ocr_line' id='line_1_39' title="bbox 1133 1654 1519 1690; baseline 0 -2"><span class='ocrx_word' id='word_1_268' title='bbox 1133 1654 1236 1688; x_wconf 86' lang='lat' dir='ltr'>Haec</span> <span class='ocrx_word' id='word_1_269' title='bbox 1252 1666 1410 1690; x_wconf 86' lang='lat' dir='ltr'>cernens</span> <span class='ocrx_word' id='word_1_270' title='bbox 1424 1655 1519 1689; x_wconf 82' lang='lat' dir='ltr'>Mae-</span> 
     </span>
    </p>
   </div>
   <div class='ocr_carea' id='block_1_21' title="bbox 71 1697 1589 1949">
    <p class='ocr_par' dir='ltr' id='par_1_21' title="bbox 71 1697 1589 1949">
     <span class='ocr_line' id='line_1_40' title="bbox 77 1697 1514 1748; baseline 0.001 -11"><span class='ocrx_word' id='word_1_271' title='bbox 77 1700 137 1742; x_wconf 82' lang='lat' dir='ltr'>sa,</span> <span class='ocrx_word' id='word_1_272' title='bbox 180 1713 220 1738; x_wconf 87' lang='lat' dir='ltr'>ac</span> <span class='ocrx_word' id='word_1_273' title='bbox 239 1699 361 1737; x_wconf 80' lang='lat' dir='ltr'>ferens</span> <span class='ocrx_word' id='word_1_274' title='bbox 379 1697 691 1746; x_wconf 59' lang='lat' dir='ltr'>iniquoflaanimo,</span> <span class='ocrx_word' id='word_1_275' title='bbox 717 1701 871 1747; x_wconf 81' lang='lat' dir='ltr'>supplex</span> <span class='ocrx_word' id='word_1_276' title='bbox 904 1700 957 1737; x_wconf 90' lang='lat' dir='ltr'>illi</span> <span class='ocrx_word' id='word_1_277' title='bbox 988 1702 1204 1748; x_wconf 88' lang='lat' dir='ltr'>persuadere</span> <span class='ocrx_word' id='word_1_278' title='bbox 1228 1704 1431 1740; x_wconf 82' lang='lat' dir='ltr'>conabatur</span> <span class='ocrx_word' id='word_1_279' title='bbox 1457 1712 1514 1743; x_wconf 92' lang='lat' dir='ltr'>,vt</span> 
     </span>
     <span class='ocr_line' id='line_1_41' title="bbox 76 1747 1522 1798; baseline 0.003 -13"><span class='ocrx_word' id='word_1_280' title='bbox 76 1748 286 1786; x_wconf 86' lang='lat' dir='ltr'>Romanum</span> <span class='ocrx_word' id='word_1_281' title='bbox 305 1747 498 1785; x_wconf 75' lang='lat' dir='ltr'>assumeret</span> <span class='ocrx_word' id='word_1_282' title='bbox 518 1749 680 1791; x_wconf 82' lang='lat' dir='ltr'>cultum,</span> <span class='ocrx_word' id='word_1_283' title='bbox 708 1762 744 1786; x_wconf 91' lang='lat' dir='ltr'>eo</span> <span class='ocrx_word' id='word_1_284' title='bbox 764 1762 828 1798; x_wconf 79' lang='lat' dir='ltr'>quo</span> <span class='ocrx_word' id='word_1_285' title='bbox 852 1753 1023 1787; x_wconf 84' lang='lat' dir='ltr'>vtebatur</span> <span class='ocrx_word' id='word_1_286' title='bbox 1042 1752 1185 1788; x_wconf 65' lang='lat' dir='ltr'>relic‘lo:</span> <span class='ocrx_word' id='word_1_287' title='bbox 1218 1764 1266 1797; x_wconf 82' lang='lat' dir='ltr'>ne</span> <span class='ocrx_word' id='word_1_288' title='bbox 1288 1754 1416 1790; x_wconf 83' lang='lat' dir='ltr'>vrbem</span> <span class='ocrx_word' id='word_1_289' title='bbox 1435 1764 1522 1789; x_wconf 83' lang='lat' dir='ltr'>mox</span> 
     </span>
     <span class='ocr_line' id='line_1_42' title="bbox 71 1797 1589 1852; baseline 0.003 -19"><span class='ocrx_word' id='word_1_290' title='bbox 71 1797 542 1848; x_wconf 78' lang='lat' dir='ltr'>-curiamque.ingredien8‚</span> <span class='ocrx_word' id='word_1_291' title='bbox 585 1799 783 1848; x_wconf 85' lang='lat' dir='ltr'>peregrino</span> <span class='ocrx_word' id='word_1_292' title='bbox 813 1800 880 1835; x_wconf 87' lang='lat' dir='ltr'>illo</span> <span class='ocrx_word' id='word_1_293' title='bbox 903 1801 1167 1848; x_wconf 85' lang='lat' dir='ltr'>barbaricoque</span> <span class='ocrx_word' id='word_1_294' title='bbox 1199 1801 1326 1838; x_wconf 87' lang='lat' dir='ltr'>habitu</span> <span class='ocrx_word' id='word_1_295' title='bbox 1358 1801 1520 1849; x_wconf 71' lang='lat' dir='ltr'>spestan-</span> <span class='ocrx_word' id='word_1_296' title='bbox 1543 1825 1589 1852; x_wconf 69' lang='grc' dir='ltr'>ω</span> 
     </span>
     <span class='ocr_line' id='line_1_43' title="bbox 76 1846 1520 1896; baseline 0.002 -13"><span class='ocrx_word' id='word_1_297' title='bbox 76 1846 173 1885; x_wconf 82' lang='lat' dir='ltr'>tium</span> <span class='ocrx_word' id='word_1_298' title='bbox 193 1848 321 1884; x_wconf 90' lang='lat' dir='ltr'>oculos</span> <span class='ocrx_word' id='word_1_299' title='bbox 339 1850 376 1893; x_wconf 90' lang='lat' dir='ltr'>r)</span> <span class='ocrx_word' id='word_1_300' title='bbox 400 1846 670 1896; x_wconf 85' lang='lat' dir='ltr'>perstringeret,</span> <span class='ocrx_word' id='word_1_301' title='bbox 697 1848 901 1886; x_wconf 87' lang='lat' dir='ltr'>insolentes</span> <span class='ocrx_word' id='word_1_302' title='bbox 924 1850 1150 1888; x_wconf 88' lang='lat' dir='ltr'>eiuscemodi</span> <span class='ocrx_word' id='word_1_303' title='bbox 1171 1851 1450 1891; x_wconf 76' lang='lat' dir='ltr'>munditiarum,</span> <span class='ocrx_word' id='word_1_304' title='bbox 1478 1863 1520 1886; x_wconf 89' lang='lat' dir='ltr'>ac</span> 
     </span>
     <span class='ocr_line' id='line_1_44' title="bbox 75 1895 1586 1949; baseline 0.003 -17"><span class='ocrx_word' id='word_1_305' title='bbox 75 1908 294 1947; x_wconf 83' lang='lat' dir='ltr'>reputantes</span> <span class='ocrx_word' id='word_1_306' title='bbox 306 1895 532 1934; x_wconf 88' lang='lat' dir='ltr'>mulierculis</span> <span class='ocrx_word' id='word_1_307' title='bbox 552 1910 664 1946; x_wconf 90' lang='lat' dir='ltr'>quam</span> <span class='ocrx_word' id='word_1_308' title='bbox 676 1898 764 1935; x_wconf 84' lang='lat' dir='ltr'>viris</span> <span class='ocrx_word' id='word_1_309' title='bbox 785 1901 1110 1948; x_wconf 86' lang='lat' dir='ltr'>congruentiores.</span> <span class='ocrx_word' id='word_1_310' title='bbox 1158 1904 1193 1947; x_wconf 89' lang='lat' dir='ltr'>s)</span> <span class='ocrx_word' id='word_1_311' title='bbox 1222 1899 1295 1936; x_wconf 87' lang='lat' dir='ltr'>Sed</span> <span class='ocrx_word' id='word_1_312' title='bbox 1314 1900 1379 1938; x_wconf 90' lang='lat' dir='ltr'>ille</span> <span class='ocrx_word' id='word_1_313' title='bbox 1400 1900 1521 1937; x_wconf 86' lang='lat' dir='ltr'>verbis</span> <span class='ocrx_word' id='word_1_314' title='bbox 1546 1923 1586 1949; x_wconf 75' lang='lat'>11</span> 
     </span>
    </p>
   </div>
   <div class='ocr_carea' id='block_1_22' title="bbox 39 1993 779 2734">
    <p class='ocr_par' dir='ltr' id='par_1_22' title="bbox 74 1993 776 2140">
     <span class='ocr_line' id='line_1_45' title="bbox 122 1993 775 2045; baseline 0 -13"><span class='ocrx_word' id='word_1_315' title='bbox 122 1999 163 2045; x_wconf 78' lang='lat' dir='ltr'>n)</span> <span class='ocrx_word' id='word_1_316' title='bbox 188 1997 275 2033; x_wconf 81' lang='lat' dir='ltr'>Hoc</span> <span class='ocrx_word' id='word_1_317' title='bbox 294 1993 482 2030; x_wconf 86' lang='lat' dir='ltr'>tantulum</span> <span class='ocrx_word' id='word_1_318' title='bbox 510 1993 625 2043; x_wconf 87' lang='lat' dir='ltr'>igitur</span> <span class='ocrx_word' id='word_1_319' title='bbox 654 1993 775 2033; x_wconf 88' lang='lat' dir='ltr'>abfuit</span> 
     </span>
     <span class='ocr_line' id='line_1_46' title="bbox 74 2043 776 2091; baseline -0.004 -7"><span class='ocrx_word' id='word_1_320' title='bbox 74 2047 215 2086; x_wconf 62' lang='lat' dir='ltr'>Mam..</span> <span class='ocrx_word' id='word_1_321' title='bbox 240 2043 334 2091; x_wconf 87' lang='lat' dir='ltr'>quin</span> <span class='ocrx_word' id='word_1_322' title='bbox 352 2043 388 2080; x_wconf 85' lang='lat' dir='ltr'>se</span> <span class='ocrx_word' id='word_1_323' title='bbox 401 2044 666 2091; x_wconf 84' lang='lat' dir='ltr'>persequentes</span> <span class='ocrx_word' id='word_1_324' title='bbox 685 2056 776 2081; x_wconf 81' lang='lat' dir='ltr'>eua-</span> 
     </span>
     <span class='ocr_line' id='line_1_47' title="bbox 76 2093 342 2140; baseline -0.023 -7"><span class='ocrx_word' id='word_1_325' title='bbox 76 2095 197 2133; x_wconf 85' lang='lat' dir='ltr'>deret.</span> <span class='ocrx_word' id='word_1_326' title='bbox 224 2093 342 2140; x_wconf 83' lang='lat' dir='ltr'>Steph.</span> 
     </span>
    </p>

    <p class='ocr_par' dir='ltr' id='par_1_23' title="bbox 126 2139 708 2192">
     <span class='ocr_line' id='line_1_48' title="bbox 126 2139 708 2192; baseline -0.009 -11"><span class='ocrx_word' id='word_1_327' title='bbox 126 2146 171 2192; x_wconf 82' lang='lat' dir='ltr'>o).</span> <span class='ocrx_word' id='word_1_328' title='bbox 189 2139 493 2180; x_wconf 87' lang='lat' dir='ltr'>Diadumeniano</span> <span class='ocrx_word' id='word_1_329' title='bbox 515 2141 579 2176; x_wconf 90' lang='lat' dir='ltr'>Gr.</span> <span class='ocrx_word' id='word_1_330' title='bbox 618 2141 708 2189; x_wconf 79' lang='lat' dir='ltr'>Sylb.</span> 
     </span>
    </p>

    <p class='ocr_par' dir='ltr' id='par_1_24' title="bbox 76 2190 778 2289">
     <span class='ocr_line' id='line_1_49' title="bbox 122 2190 778 2242; baseline -0.005 -14"><span class='ocrx_word' id='word_1_331' title='bbox 122 2195 164 2242; x_wconf 86' lang='lat' dir='ltr'>p)</span> <span class='ocrx_word' id='word_1_332' title='bbox 192 2192 236 2228; x_wconf 86' lang='lat' dir='ltr'>ad</span> <span class='ocrx_word' id='word_1_333' title='bbox 264 2190 534 2238; x_wconf 72' lang='lat' dir='ltr'>profestionem</span> <span class='ocrx_word' id='word_1_334' title='bbox 562 2190 598 2228; x_wconf 85' lang='lat' dir='ltr'>se</span> <span class='ocrx_word' id='word_1_335' title='bbox 629 2202 778 2238; x_wconf 84' lang='lat' dir='ltr'>compa·</span> 
     </span>
     <span class='ocr_line' id='line_1_50' title="bbox 76 2240 348 2289; baseline -0.018 -9"><span class='ocrx_word' id='word_1_336' title='bbox 76 2243 192 2281; x_wconf 84' lang='lat' dir='ltr'>rabat.</span> <span class='ocrx_word' id='word_1_337' title='bbox 226 2240 348 2289; x_wconf 78' lang='lat' dir='ltr'>Stepb‚</span> 
     </span>
    </p>

    <p class='ocr_par' dir='ltr' id='par_1_25' title="bbox 39 2288 779 2734">
     <span class='ocr_line' id='line_1_51' title="bbox 126 2288 778 2342; baseline -0.003 -15"><span class='ocrx_word' id='word_1_338' title='bbox 126 2292 166 2342; x_wconf 86' lang='lat' dir='ltr'>q)</span> <span class='ocrx_word' id='word_1_339' title='bbox 191 2290 328 2337; x_wconf 89' lang='lat' dir='ltr'>Neque</span> <span class='ocrx_word' id='word_1_340' title='bbox 345 2288 436 2331; x_wconf 89' lang='lat' dir='ltr'>alia,</span> <span class='ocrx_word' id='word_1_341' title='bbox 458 2299 566 2336; x_wconf 88' lang='lat' dir='ltr'>quam</span> <span class='ocrx_word' id='word_1_342' title='bbox 599 2289 778 2337; x_wconf 89' lang='lat' dir='ltr'>Syrorum</span> 
     </span>
     <span class='ocr_line' id='line_1_52' title="bbox 77 2339 776 2387; baseline -0.006 -9"><span class='ocrx_word' id='word_1_343' title='bbox 77 2340 252 2383; x_wconf 71' lang='lat' dir='ltr'>textailli</span> <span class='ocrx_word' id='word_1_344' title='bbox 280 2340 492 2387; x_wconf 83' lang='lat' dir='ltr'>placebant:</span> <span class='ocrx_word' id='word_1_345' title='bbox 531 2350 640 2386; x_wconf 82' lang='lat' dir='ltr'>atque</span> <span class='ocrx_word' id='word_1_346' title='bbox 668 2339 712 2374; x_wconf 88' lang='lat' dir='ltr'>ad</span> <span class='ocrx_word' id='word_1_347' title='bbox 732 2339 776 2375; x_wconf 89' lang='lat' dir='ltr'>ti-</span> 
     </span>
     <span class='ocr_line' id='line_1_53' title="bbox 77 2388 778 2436; baseline -0.004 -9"><span class='ocrx_word' id='word_1_348' title='bbox 77 2390 220 2427; x_wconf 86' lang='lat' dir='ltr'>biarum</span> <span class='ocrx_word' id='word_1_349' title='bbox 236 2388 369 2426; x_wconf 90' lang='lat' dir='ltr'>sonum</span> <span class='ocrx_word' id='word_1_350' title='bbox 389 2399 427 2424; x_wconf 92' lang='lat' dir='ltr'>et</span> <span class='ocrx_word' id='word_1_351' title='bbox 447 2397 707 2436; x_wconf 78' lang='lat' dir='ltr'>tympanorum</span> <span class='ocrx_word' id='word_1_352' title='bbox 737 2388 778 2424; x_wconf 87' lang='lat' dir='ltr'>in</span> 
     </span>
     <span class='ocr_line' id='line_1_54' title="bbox 77 2437 778 2489; baseline -0.004 -12"><span class='ocrx_word' id='word_1_353' title='bbox 77 2439 271 2489; x_wconf 85' lang='lat' dir='ltr'>publicum</span> <span class='ocrx_word' id='word_1_354' title='bbox 294 2437 488 2486; x_wconf 80' lang='lat' dir='ltr'>prodibat,</span> <span class='ocrx_word' id='word_1_355' title='bbox 527 2438 626 2485; x_wconf 81' lang='lat' dir='ltr'>orgia</span> <span class='ocrx_word' id='word_1_356' title='bbox 650 2439 778 2474; x_wconf 89' lang='lat' dir='ltr'>numi-</span> 
     </span>
     <span class='ocr_line' id='line_1_55' title="bbox 77 2486 777 2534; baseline -0.006 -8"><span class='ocrx_word' id='word_1_357' title='bbox 77 2490 138 2526; x_wconf 85' lang='lat' dir='ltr'>nis</span> <span class='ocrx_word' id='word_1_358' title='bbox 157 2488 347 2525; x_wconf 85' lang='lat' dir='ltr'>celebrans</span> <span class='ocrx_word' id='word_1_359' title='bbox 359 2486 510 2534; x_wconf 81' lang='lat' dir='ltr'>scilicet.</span> <span class='ocrx_word' id='word_1_360' title='bbox 538 2489 631 2531; x_wconf 81' lang='lat' dir='ltr'>Vror</span> <span class='ocrx_word' id='word_1_361' title='bbox 652 2499 777 2524; x_wconf 87' lang='lat' dir='ltr'>autem</span> 
     </span>
     <span class='ocr_line' id='line_1_56' title="bbox 77 2536 779 2585; baseline -0.003 -11"><span class='ocrx_word' id='word_1_362' title='bbox 77 2549 174 2575; x_wconf 77' lang='lat' dir='ltr'>voce</span> <span class='ocrx_word' id='word_1_363' title='bbox 185 2536 319 2585; x_wconf 49' lang='lat' dir='ltr'>scilicet</span> <span class='ocrx_word' id='word_1_364' title='bbox 338 2547 416 2572; x_wconf 86' lang='lat' dir='ltr'>non</span> <span class='ocrx_word' id='word_1_365' title='bbox 444 2543 675 2582; x_wconf 65' lang='grc' dir='ltr'>παρελκόντως</span> <span class='ocrx_word' id='word_1_366' title='bbox 690 2566 699 2582; x_wconf 86' lang='lat'>‚</span> <span class='ocrx_word' id='word_1_367' title='bbox 738 2546 779 2583; x_wconf 70' lang='lat' dir='ltr'>vt</span> 
     </span>
     <span class='ocr_line' id='line_1_57' title="bbox 76 2585 777 2635; baseline -0.006 -10"><span class='ocrx_word' id='word_1_368' title='bbox 76 2587 157 2625; x_wconf 87' lang='lat' dir='ltr'>Pol.</span> <span class='ocrx_word' id='word_1_369' title='bbox 175 2587 306 2635; x_wconf 84' lang='lat' dir='ltr'>saepe,</span> <span class='ocrx_word' id='word_1_370' title='bbox 335 2586 395 2623; x_wconf 86' lang='lat' dir='ltr'>sed</span> <span class='ocrx_word' id='word_1_371' title='bbox 426 2586 469 2621; x_wconf 90' lang='lat' dir='ltr'>ad</span> <span class='ocrx_word' id='word_1_372' title='bbox 499 2585 777 2632; x_wconf 86' lang='lat' dir='ltr'>exprimendam</span> 
     </span>
     <span class='ocr_line' id='line_1_58' title="bbox 39 2636 779 2682; baseline -0.003 -8"><span class='ocrx_word' id='word_1_373' title='bbox 39 2650 49 2655; x_wconf 56' lang='lat'>²</span> <span class='ocrx_word' id='word_1_374' title='bbox 78 2637 255 2674; x_wconf 81' lang='lat' dir='ltr'>Graecam</span> <span class='ocrx_word' id='word_1_375' title='bbox 276 2637 395 2678; x_wconf 72' lang='grc' dir='ltr'><em>δῆθεν,</em></span> <span class='ocrx_word' id='word_1_376' title='bbox 423 2646 518 2682; x_wconf 86' lang='lat' dir='ltr'>quae</span> <span class='ocrx_word' id='word_1_377' title='bbox 541 2636 686 2673; x_wconf 88' lang='lat' dir='ltr'>ironice</span> <span class='ocrx_word' id='word_1_378' title='bbox 705 2636 779 2673; x_wconf 85' lang='lat' dir='ltr'>hoc</span> 
     </span>
     <span class='ocr_line' id='line_1_59' title="bbox 80 2682 497 2734; baseline -0.005 -11"><span class='ocrx_word' id='word_1_379' title='bbox 80 2683 156 2723; x_wconf 72' lang='lat' dir='ltr'>dici</span> <span class='ocrx_word' id='word_1_380' title='bbox 177 2683 352 2723; x_wconf 83' lang='lat' dir='ltr'>ostendit.</span> <span class='ocrx_word' id='word_1_381' title='bbox 377 2682 497 2734; x_wconf 79' lang='lat' dir='ltr'>Steph.</span> 
     </span>
    </p>
   </div>
   <div class='ocr_carea' id='block_1_23' title="bbox 827 1996 1557 2737">
    <p class='ocr_par' dir='ltr' id='par_1_26' title="bbox 873 1996 1454 2045">
     <span class='ocr_line' id='line_1_60' title="bbox 873 1996 1454 2045; baseline 0 -12"><span class='ocrx_word' id='word_1_382' title='bbox 873 1998 911 2043; x_wconf 88' lang='grc' dir='ltr'>ν)</span> <span class='ocrx_word' id='word_1_383' title='bbox 941 1996 1059 2033; x_wconf 87' lang='lat' dir='ltr'>statim</span> <span class='ocrx_word' id='word_1_384' title='bbox 1085 1996 1304 2034; x_wconf 84' lang='lat' dir='ltr'>offenderet.</span> <span class='ocrx_word' id='word_1_385' title='bbox 1335 1998 1454 2045; x_wconf 75' lang='lat' dir='ltr'>Scepb.</span> 
     </span>
    </p>

    <p class='ocr_par' dir='ltr' id='par_1_27' title="bbox 827 2046 1557 2737">
     <span class='ocr_line' id='line_1_61' title="bbox 873 2046 1528 2095; baseline 0.003 -13"><span class='ocrx_word' id='word_1_386' title='bbox 873 2049 906 2094; x_wconf 89' lang='lat' dir='ltr'>s)</span> <span class='ocrx_word' id='word_1_387' title='bbox 934 2051 986 2082; x_wconf 88' lang='lat' dir='ltr'>At</span> <span class='ocrx_word' id='word_1_388' title='bbox 1007 2046 1062 2087; x_wconf 91' lang='lat' dir='ltr'>is,</span> <span class='ocrx_word' id='word_1_389' title='bbox 1090 2059 1203 2095; x_wconf 88' lang='lat' dir='ltr'>quum</span> <span class='ocrx_word' id='word_1_390' title='bbox 1223 2059 1286 2089; x_wconf 85' lang='lat' dir='ltr'>ea,</span> <span class='ocrx_word' id='word_1_391' title='bbox 1309 2060 1404 2093; x_wconf 88' lang='lat' dir='ltr'>quae</span> <span class='ocrx_word' id='word_1_392' title='bbox 1435 2051 1528 2084; x_wconf 79' lang='lat' dir='ltr'>anus</span> 
     </span>
     <span class='ocr_line' id='line_1_62' title="bbox 828 2094 1529 2143; baseline 0.004 -13"><span class='ocrx_word' id='word_1_393' title='bbox 828 2094 993 2135; x_wconf 85' lang='lat' dir='ltr'>dixerat,</span> <span class='ocrx_word' id='word_1_394' title='bbox 1020 2094 1109 2132; x_wconf 75' lang='lat' dir='ltr'>esset</span> <span class='ocrx_word' id='word_1_395' title='bbox 1129 2106 1368 2141; x_wconf 82' lang='lat' dir='ltr'>aspernatus,</span> <span class='ocrx_word' id='word_1_396' title='bbox 1403 2107 1529 2143; x_wconf 77' lang='lat' dir='ltr'>neque</span> 
     </span>
     <span class='ocr_line' id='line_1_63' title="bbox 827 2143 1529 2192; baseline 0.004 -13"><span class='ocrx_word' id='word_1_397' title='bbox 827 2144 890 2179; x_wconf 88' lang='lat' dir='ltr'>alii</span> <span class='ocrx_word' id='word_1_398' title='bbox 919 2143 1093 2190; x_wconf 83' lang='lat' dir='ltr'>cuiquam</span> <span class='ocrx_word' id='word_1_399' title='bbox 1129 2156 1253 2180; x_wconf 87' lang='lat' dir='ltr'>aurem</span> <span class='ocrx_word' id='word_1_400' title='bbox 1298 2145 1529 2192; x_wconf 78' lang='lat' dir='ltr'>praebuiss&#39;et.</span> 
     </span>
     <span class='ocr_line' id='line_1_64' title="bbox 827 2191 1528 2240; baseline 0.006 -13"><span class='ocrx_word' id='word_1_401' title='bbox 827 2197 968 2240; x_wconf 84' lang='lat' dir='ltr'>(neque</span> <span class='ocrx_word' id='word_1_402' title='bbox 987 2194 1087 2228; x_wconf 88' lang='lat' dir='ltr'>enim</span> <span class='ocrx_word' id='word_1_403' title='bbox 1107 2191 1339 2237; x_wconf 84' lang='lat' dir='ltr'>admittebat,</span> <span class='ocrx_word' id='word_1_404' title='bbox 1365 2193 1431 2230; x_wconf 83' lang='lat' dir='ltr'>nifi</span> <span class='ocrx_word' id='word_1_405' title='bbox 1444 2208 1528 2231; x_wconf 82' lang='lat' dir='ltr'>mo-</span> 
     </span>
     <span class='ocr_line' id='line_1_65' title="bbox 827 2241 1528 2292; baseline 0.004 -14"><span class='ocrx_word' id='word_1_406' title='bbox 827 2241 927 2278; x_wconf 80' lang='lat' dir='ltr'>ribus</span> <span class='ocrx_word' id='word_1_407' title='bbox 965 2241 1096 2278; x_wconf 83' lang='lat' dir='ltr'>iisdem</span> <span class='ocrx_word' id='word_1_408' title='bbox 1127 2244 1337 2289; x_wconf 86' lang='lat' dir='ltr'>praeditos,</span> <span class='ocrx_word' id='word_1_409' title='bbox 1389 2255 1427 2280; x_wconf 92' lang='lat' dir='ltr'>et</span> <span class='ocrx_word' id='word_1_410' title='bbox 1463 2243 1528 2292; x_wconf 86' lang='lat' dir='ltr'>qui</span> 
     </span>
     <span class='ocr_line' id='line_1_66' title="bbox 828 2290 1557 2339; baseline 0.004 -13"><span class='ocrx_word' id='word_1_411' title='bbox 828 2290 1052 2339; x_wconf 83' lang='lat' dir='ltr'>ipsiusvitiis</span> <span class='ocrx_word' id='word_1_412' title='bbox 1064 2292 1366 2337; x_wconf 73' lang='lat' dir='ltr'>assentarentur‚)</span> <span class='ocrx_word' id='word_1_413' title='bbox 1397 2292 1529 2330; x_wconf 81' lang='lat' dir='ltr'>volens</span> <span class='ocrx_word' id='word_1_414' title='bbox 1554 2297 1557 2299; x_wconf 70' lang='grc'><strong><em>’</em></strong></span> 
     </span>
     <span class='ocr_line' id='line_1_67' title="bbox 831 2341 1528 2390; baseline 0.006 -15"><span class='ocrx_word' id='word_1_415' title='bbox 831 2341 1014 2387; x_wconf 86' lang='lat' dir='ltr'>populum</span> <span class='ocrx_word' id='word_1_416' title='bbox 1035 2341 1144 2378; x_wconf 88' lang='lat' dir='ltr'>Rom.</span> <span class='ocrx_word' id='word_1_417' title='bbox 1167 2341 1374 2390; x_wconf 68' lang='lat' dir='ltr'>spestaculo</span> <span class='ocrx_word' id='word_1_418' title='bbox 1404 2341 1528 2380; x_wconf 89' lang='lat' dir='ltr'>cultus</span> 
     </span>
     <span class='ocr_line' id='line_1_68' title="bbox 830 2389 1532 2434; baseline 0 -8"><span class='ocrx_word' id='word_1_419' title='bbox 830 2390 934 2426; x_wconf 84' lang='lat' dir='ltr'>illius</span> <span class='ocrx_word' id='word_1_420' title='bbox 951 2389 1172 2431; x_wconf 79' lang='lat' dir='ltr'>assuescere,</span> <span class='ocrx_word' id='word_1_421' title='bbox 1208 2404 1270 2434; x_wconf 85' lang='lat' dir='ltr'>ae,</span> <span class='ocrx_word' id='word_1_422' title='bbox 1304 2391 1340 2428; x_wconf 92' lang='lat' dir='ltr'>se</span> <span class='ocrx_word' id='word_1_423' title='bbox 1369 2391 1532 2434; x_wconf 84' lang='lat' dir='ltr'>absente,</span> 
     </span>
     <span class='ocr_line' id='line_1_69' title="bbox 832 2438 1528 2488; baseline 0.004 -15"><span class='ocrx_word' id='word_1_424' title='bbox 832 2438 1038 2486; x_wconf 79' lang='lat' dir='ltr'>periculum</span> <span class='ocrx_word' id='word_1_425' title='bbox 1063 2439 1166 2483; x_wconf 82' lang='lat' dir='ltr'>fieri,</span> <span class='ocrx_word' id='word_1_426' title='bbox 1211 2453 1375 2488; x_wconf 73' lang='lat' dir='ltr'>quonam</span> <span class='ocrx_word' id='word_1_427' title='bbox 1402 2441 1528 2477; x_wconf 86' lang='lat' dir='ltr'>animo</span> 
     </span>
     <span class='ocr_line' id='line_1_70' title="bbox 829 2487 1532 2538; baseline 0 -12"><span class='ocrx_word' id='word_1_428' title='bbox 829 2487 923 2526; x_wconf 88' lang='lat' dir='ltr'>illud</span> <span class='ocrx_word' id='word_1_429' title='bbox 964 2487 1128 2531; x_wconf 88' lang='lat' dir='ltr'>ferrent,</span> <span class='ocrx_word' id='word_1_430' title='bbox 1181 2491 1273 2538; x_wconf 70' lang='lat' dir='ltr'>picta</span> <span class='ocrx_word' id='word_1_431' title='bbox 1316 2489 1370 2527; x_wconf 90' lang='lat' dir='ltr'>sui</span> <span class='ocrx_word' id='word_1_432' title='bbox 1411 2490 1532 2526; x_wconf 86' lang='lat' dir='ltr'>totius</span> 
     </span>
     <span class='ocr_line' id='line_1_71' title="bbox 830 2536 1533 2588; baseline 0.001 -14"><span class='ocrx_word' id='word_1_433' title='bbox 830 2536 990 2585; x_wconf 84' lang='lat' dir='ltr'>imagine</span> <span class='ocrx_word' id='word_1_434' title='bbox 1011 2539 1189 2579; x_wconf 78' lang='lat' dir='ltr'>maxima.</span> <span class='ocrx_word' id='word_1_435' title='bbox 1238 2539 1357 2588; x_wconf 85' lang='lat' dir='ltr'>qualis</span> <span class='ocrx_word' id='word_1_436' title='bbox 1385 2539 1533 2586; x_wconf 83' lang='lat' dir='ltr'>conspi-</span> 
     </span>
     <span class='ocr_line' id='line_1_72' title="bbox 829 2588 1531 2636; baseline 0.001 -13"><span class='ocrx_word' id='word_1_437' title='bbox 829 2588 1019 2629; x_wconf 82' lang='lat' dir='ltr'>ciebatur,</span> <span class='ocrx_word' id='word_1_438' title='bbox 1065 2599 1102 2624; x_wconf 91' lang='lat' dir='ltr'>et</span> <span class='ocrx_word' id='word_1_439' title='bbox 1137 2600 1262 2636; x_wconf 74' lang='lat' dir='ltr'>quum-</span> <span class='ocrx_word' id='word_1_440' title='bbox 1280 2588 1319 2624; x_wconf 91' lang='lat' dir='ltr'>in</span> <span class='ocrx_word' id='word_1_441' title='bbox 1342 2588 1531 2635; x_wconf 83' lang='lat' dir='ltr'>publicum</span> 
     </span>
     <span class='ocr_line' id='line_1_73' title="bbox 830 2635 1532 2685; baseline 0 -13"><span class='ocrx_word' id='word_1_442' title='bbox 830 2635 1032 2684; x_wconf 85' lang='lat' dir='ltr'>prodibat,</span> <span class='ocrx_word' id='word_1_443' title='bbox 1083 2649 1122 2675; x_wconf 90' lang='lat' dir='ltr'>et</span> <span class='ocrx_word' id='word_1_444' title='bbox 1161 2651 1278 2685; x_wconf 86' lang='lat' dir='ltr'>quum</span> <span class='ocrx_word' id='word_1_445' title='bbox 1318 2637 1532 2673; x_wconf 78' lang='lat' dir='ltr'>sacerdotio</span> 
     </span>
     <span class='ocr_line' id='line_1_74' title="bbox 829 2685 1532 2737; baseline 0.001 -15"><span class='ocrx_word' id='word_1_446' title='bbox 829 2685 1080 2737; x_wconf 80' lang='lat' dir='ltr'>fungebatur,</span> <span class='ocrx_word' id='word_1_447' title='bbox 1106 2698 1148 2723; x_wconf 88' lang='lat' dir='ltr'>ac</span> <span class='ocrx_word' id='word_1_448' title='bbox 1175 2686 1445 2737; x_wconf 83' lang='lat' dir='ltr'>repraesentata</span> <span class='ocrx_word' id='word_1_449' title='bbox 1477 2696 1532 2724; x_wconf 81' lang='lat' dir='ltr'>et-</span> 
     </span>
    </p>
   </div>
   <div class='ocr_carea' id='block_1_24' title="bbox 1564 1526 1587 1558">
    <p class='ocr_par' dir='ltr' id='par_1_28' title="bbox 1564 1526 1587 1558">
     <span class='ocr_line' id='line_1_75' title="bbox 1564 1526 1587 1558; baseline 0 0"><span class='ocrx_word' id='word_1_450' title='bbox 1564 1526 1587 1558; x_wconf 83' lang='lat'><em>7</em></span> 
     </span>
    </p>
   </div>
   <div class='ocr_carea' id='block_1_25' title="bbox 1564 1622 1587 1710">
    <p class='ocr_par' dir='ltr' id='par_1_29' title="bbox 1564 1622 1587 1710">
     <span class='ocr_line' id='line_1_76' title="bbox 1564 1622 1585 1657; baseline 0 0"><span class='ocrx_word' id='word_1_451' title='bbox 1564 1622 1585 1657; x_wconf 74' lang='lat'><em>8</em></span> 
     </span>
     <span class='ocr_line' id='line_1_77' title="bbox 1566 1675 1587 1710; baseline 0 -4"><span class='ocrx_word' id='word_1_452' title='bbox 1566 1675 1587 1710; x_wconf 75' lang='grc'><strong>9</strong></span> 
     </span>
    </p>
   </div>
   <div class='ocr_carea' id='block_1_26' title="bbox 1578 2667 1602 2686">
    <p class='ocr_par' dir='ltr' id='par_1_30' title="bbox 1578 2667 1602 2686">
     <span class='ocr_line' id='line_1_78' title="bbox 1578 2667 1602 2686; baseline 0 0"><span class='ocrx_word' id='word_1_453' title='bbox 1578 2667 1602 2686; x_wconf 71' lang='grc' dir='ltr'>’Ἴ</span> 
     </span>
    </p>
   </div>
  </div>
 </body>
</html>
