1707 3140
476 100 786 154 'LIBER
874 98 971 152 11.
1385 118 1450 161 29

12 224 109 264 rium
140 221 178 260 se
204 228 244 259 'et
271 220 496 257 clementem
529 220 757 268 principem,
792 229 1058 267 parentemque
1085 215 1179 254 adeo
1203 217 1315 265 magis
1343 229 1452 265 quam

16 276 276 321 imperatorem
309 270 511 306 babituros.
561 271 655 307 Nam
675 281 713 305 et
741 269 922 306 militibus
941 268 1070 308 edixit,
1095 279 1143 302 ne
1161 267 1219 304 cui
1242 281 1284 303 ex
1309 269 1450 314 populo
1473 274 1494 300 2

6 321 281 360 contumeliam
301 320 481 361 facerent,
504 321 601 355 neu‘e
625 331 733 368 quem
757 320 939 355 viatorem
961 318 1164 364 pulsarent:
1187 319 1226 362 l)
1248 316 1452 364 cunctaque

13 371 180 417 denique
207 373 250 407 ad
278 368 421 406 honesti
449 369 591 405 cultum
621 369 910 416 modestiamque
937 367 1130 404 referebat.
1178 365 1254 413 lpse
1284 376 1368 403 cum
1391 368 1455 401 aut

11 420 286 468 ingrederetur,
311 431 376 455 aut
399 419 454 454 ius
475 419 628 461 diceret,
656 431 801 454 comem
822 418 961 454 scilicet
979 428 1021 451 ac
1041 415 1267 451 mansuetam
1287 415 1452 451 indolem

9 469 254 507 ostendebat:
282 471 332 512 m)
357 479 396 504 et
414 480 497 504 cum
512 469 678 504 Marcum
701 467 884 514 imprimis
903 466 1038 502 referre
1057 466 1260 505 videretur,
1291 465 1452 501 seniores
1475 471 1496 510 3

10 518 168 568 ‘quidem
195 517 392 554 admonitu
416 517 642 559 delectabat,
668 517 833 564 reliquos
864 527 990 553 autem
1020 527 1133 551 omnes
1159 514 1339 560 ancrudeli
1363 527 1454 550 con—

8 568 283 615 'tumeliosaque
303 566 502 614 tyrannide
530 569 572 602 ad
592 567 788 603 modestam
821 566 934 602 vitam
962 564 1274 611 tranquillamque
1295 563 1458 600 vindica-

14 630 87 659 τος,
112 617 220 654 facile
242 617 286 652 ad
308 618 343 652 le
369 616 565 652 amandum
584 616 792 663 impulerat.
840 618 946 657 Quae
968 627 1081 661 quum
1107 613 1202 649 fama
1231 613 1338 649 lacius
1367 626 1452 650 eua-
1477 622 1500 656 4

11 679 174 717 garetur,
199 665 373 702 nationes
393 678 523 702 omnes
543 675 656 712 atque
687 665 871 704 exercitus
893 665 1070 701 l‘ubiefkos
1091 663 1268 699 Romanis
1286 675 1347 699 aut
1370 663 1455 699 ami-

11 728 103 757 coS,
126 715 170 750 ad
198 719 238 761 n)
269 715 489 752 deferendos
517 713 551 750 ei
572 714 722 752 diuinos
752 715 914 750 honores
942 713 1125 751 inci'tauit.
1187 711 1289 758 Qin
1321 712 1457 748 barbari
1481 720 1501 755 ς

12 777 191 815 quoque,
219 764 307 812 liqui
336 776 400 801 aut
430 765 579 801 fraenos
606 764 851 810 depulerant,
880 775 944 800 aut
974 762 1179 799 seditiones
1198 762 1461 803 moliebantur,

13 826 121 852 metu
140 813 306 856 virtutis,
332 825 444 862 quam
467 813 679 862 praestirill'e
698 827 780 850 eum
803 814 1052 860 superioribus
1071 812 1176 848 bellis
1198 810 1462 854 meminilsent,

10 866 50 911 ⁴0)
72 860 306 910 iustitiaeque
327 863 422 905 fide,
451 876 533 899 cum
555 864 745 900 neminem
770 865 813 899 ab
845 864 910 899 illo
935 862 1072 898 scirent
1092 862 1192 898 virro
1212 859 1369 903 offendi,
1398 861 1460 896 sed

13 913 168 964 gratiam
200 912 333 959 cuique
353 925 419 959 pro
444 913 586 949 meritis
609 913 760 954 referri,
783 913 937 960 vimque
964 911 1080 948 abelse
1109 922 1148 947 et
1178 911 1460 947 crudelitatem:
1490 958 1493 959 ⁷

2 964 150 1011 'Iponte
180 963 233 998 iili
266 961 302 998 se
331 961 569 998 dediderunt.
634 961 859 1011 Legationes
886 972 1072 1007 praeterea
1103 961 1267 1006 vndique
1295 960 1459 996 confiue-
1481 961 1505 995 6

15 1014 120 1052 bant.
145 1011 366 1060 gratulatum
383 1014 551 1050 Romano
573 1013 728 1058 populo,
755 1013 858 1059 quod
878 1011 1086 1048 Pertinacis.
1102 1010 1260 1055 imperio
1282 1010 1456 1057 guberna-

17 1073 158 1099 rentur.
210 1061 282 1096 Sed
315 1061 418 1109 quod
452 1062 640 1108 plerisque
669 1063 843 1098 omnibus
873 1062 1022 1107 publice
1048 1060 1297 1108 priuatimque
1320 1070 1462 1107 gratum
1482 1070 1504 1104 7

15 1112 101 1152 fuir,
127 1109 331 1146 modestum
351 1112 659 1158 mansuetumque
678 1110 884 1158 principem
900 1110 1043 1157 populo
1067 1111 1235 1145 Romano
1256 1108 1462 1156 contigiffe,

16 1159 56 1196 id
81 1173 167 1196 vero
189 1160 347 1196 vrbanae
365 1161 539 1195 cohortes
563 1160 829 1205 imperatorum
855 1158 1037 1195 custodiae
1065 1158 1273 1197 adhibitae,
1299 1157 1462 1206 grauiter
1483 1164 1506 1200 8

16 1208 245 1256 molesteque
261 1208 444 1244 ferebant.
494 1208 687 1256 Siquidem
711 1222 729 1244 a
752 1207 889 1255 rapinis
911 1207 1134 1255 iniuriis-que
1152 1208 1195 1244 ad
1214 1219 1459 1254 temperatum
1483 1216 1506 1254 9

17 1258 119 1295 vitae
138 1259 280 1294 cultum
308 1268 525 1300 reuocatae,
552 1270 593 1294 ac
611 1257 738 1293 mitem
770 1256 866 1294 illam
896 1257 1122 1305 ciuilemque
1151 1257 1381 1303 gubernandi
1411 1269 1466 1292 ra·

15 1308 161 1345 'tionem
185 1306 222 1341 in
243 1307 510 1343 contumeliam
545 1307 642 1343 suam
665 1318 706 1342 ac
725 1308 887 1344 dedecus
916 1307 1145 1354 accipientes
1160 1331 1170 1347 ‚
1199 1318 1240 1342 vt
1263 1319 1306 1343 ex
1326 1318 1397 1354 qua
1417 1306 1463 1341 li-

15 1356 179 1393 centiam
210 1354 271 1392 libi
303 1355 486 1393 ademtam
524 1356 803 1405 intelligerent,
839 1359 877 1401 ρ)
907 1356 1014 1392 nullo
1045 1355 1116 1392 iam
1147 1356 1252 1403 pat‘to
1284 1358 1462 1392 τεξὶοτεσι

13 1405 277 1443 huiuscemodi
299 1406 533 1442 tolerandum
554 1407 770 1443 statuebant.
815 1407 934 1454 Igitur
955 1405 1145 1452 principio
1164 1405 1465 1442 contumaciores

14 1454 53 1492 Te
73 1467 213 1503 gerere,
240 1455 440 1503 minusque
464 1455 561 1492 disto
585 1456 885 1505 audientesless'e:
918 1456 1118 1502 postremo,
1146 1455 1315 1492 nondum
1346 1456 1465 1492 bime·

13 1505 76 1543 stri
99 1503 253 1550 imperio
283 1507 458 1552 expleto.
486 1517 567 1541 cum
588 1506 743 1553 quidem
763 1506 825 1542 ille
853 1505 923 1541 iam
951 1518 1027 1541 non
1050 1504 1204 1542 dubium
1232 1506 1313 1541 suae
1339 1505 1466 1552 probi-

14 1554 104 1591 tatis
134 1553 318 1600 specimen
340 1553 513 1597 dedili‘et,
537 1555 710 1592 vniuerfis
743 1555 779 1591 in
816 1556 995 1601 optimam
1025 1554 1125 1601 spem
1144 1554 1297 1596 creant,
1324 1554 1466 1590 inuidit

15 1608 177 1651 tepente
198 1605 291 1640 mala
313 1604 403 1646 sors,
430 1607 467 1652 q)
488 1616 582 1651 quae
607 1605 730 1640 omnia
749 1605 923 1641 funditus
943 1604 1096 1645 euertit,
1126 1604 1232 1640 fic‘vt
1251 1603 1387 1653 egregii
1411 1603 1467 1639 illi

13 1664 173 1690 conatus
200 1653 444 1690 vehementer
470 1654 644 1692 omnibus
667 1655 877 1701 profuturi,
904 1653 943 1689 in
975 1653 1100 1689 medio
1128 1653 1226 1702 quafi
1252 1655 1354 1691 cursu
1375 1666 1466 1701 pro-

14 1702 242 1750 iaberentur.
295 1705 391 1740 Nam
421 1703 580 1750 primum
603 1703 753 1750 quidem
775 1702 953 1752 quicquid
983 1703 1022 1739 in
1054 1704 1154 1739 ltalia
1183 1714 1245 1740 aut
1271 1703 1357 1739 alibi
1379 1715 1462 1752 gen-

17 1748 115 1788 tium
138 1756 174 1794 r)
196 1752 330 1790 inculti
354 1752 433 1793 soli,
459 1751 647 1800 etiamque
669 1754 734 1789 sub
765 1753 927 1801 regibus,
953 1765 1114 1794 vacaret,
1141 1753 1178 1789 id
1201 1766 1323 1790 totum
1357 1766 1465 1789 occu-

0 1800 192 1848 :pantibus
221 1810 261 1839 et
287 1802 501 1840 colentibus
528 1802 778 1840 adiudicauit:
812 1803 1018 1851 decemque
1046 1815 1229 1841 annorum
1255 1803 1466 1840 immunita-

1489 1419 1534 1444 10

1488 1714 1532 1739 12

0 1891 1 1952 l
67 1907 102 1953 l)
132 1905 261 1942 c'u'nfta
289 1903 452 1955 denique
479 1909 523 1944 ad
551 1908 718 1945 honesta·
768 1908 837 1946 vili
891 1909 1094 1946 crudeliter
1146 1909 1233 1947 esset
1277 1909 1468 1947 illaturus:

13 1959 91 1992 'tem
131 1966 170 1991 et
202 1954 503 2009 moderationem
538 1957 719 1994 reducere
767 1959 904 2006 sponte
924 1958 980 1994 illi
999 1958 1035 1994 se
1061 1958 1147 1995 ded.
1175 1960 1292 2008 Steph.

16 2005 235 2042 conabatur.
288 2005 368 2051 lple
388 2018 504 2053 quum
532 2017 597 2042 aut
614 2019 719 2054 egre·
813 2010 853 2057 p)
881 2008 990 2044 nullo
1011 2007 1081 2043 iam
1103 2021 1137 2054 p.
1158 2009 1471 2045 moderatumim-

1488 1463 1584 1494 ιε’

18 2052 182 2094 deretur,
208 2058 271 2091 au't
291 2053 349 2089 ius
369 2055 464 2096 dic„
490 2056 573 2097 vel,
599 2068 717 2102 quum

17 2102 60 2139 in
78 2102 268 2149 publicum
286 2102 466 2149 prodiret.
490 2105 607 2152 Steph.

67 2153 116 2196 m)
143 2162 182 2187 et
207 2163 321 2199 quum
358 2151 477 2189 Marci
515 2152 717 2200 imperium

17 2201 288 2241 aemularetur,
337 2200 503 2238 seniores
549 2202 717 2249 quidem,

16 2263 101 2287 eum
121 2248 160 2285 in
173 2250 390 2288 memoriam
407 2252 637 2294 reuocandO,
657 2253 719 2289 tle-

17 2299 184 2337 iessabat.
206 2300 328 2348 Steph.

13 2396 39 2435 h
67 2351 107 2391 n)
132 2347 358 2385 deferendos
369 2349 451 2386 eius
468 2349 629 2398 imperio
641 2349 718 2387 div.

44 2426 51 2434 .
78 2399 197 2446 Steph.

67 2450 104 2492 ο)
129 2461 169 2484 et
186 2447 288 2496 quod
308 2447 514 2494 persuasum
526 2449 721 2490 haberent,

17 2511 65 2534 eo
93 2497 202 2534 illum
232 2497 302 2532 effe
332 2497 480 2540 animo,
507 2509 548 2534 vt
577 2498 729 2536 nemini·

17 2546 193 2583 iniuriam
223 2546 320 2582 vltro
343 2546 430 2583 effet
449 2547 634 2590 fafturus,
660 2547 720 2584 sed

19 2596 245 2642 vnicuique‚
285 2596 388 2644 quod
421 2597 574 2633 meritus
604 2597 719 2639 foret,

17 2645 209 2687 tribuens,
242 2657 367 2698 neque
393 2645 613 2683 indecenter
643 2646 718 2683 cui-

18 2705 129 2742 quam
163 2692 454 2744 gratincaturus,
486 2707 612 2746 neque
641 2697 718 2734 vim

765 2057 857 2102 perii
883 2056 1012 2092 statum
1033 2058 1255 2094 tolerabant.
1279 2059 1397 2106 Steph.

815 2108 854 2153 q)
883 2104 1079 2150 prohibuit
1109 2119 1207 2152 que,
1232 2119 1280 2142 ne
1310 2118 1470 2144 conatus

767 2153 819 2189 illi
839 2153 1057 2195 admirandi,
1076 2165 1116 2191 et
1137 2153 1193 2196 iis,
1217 2155 1280 2204 qui
1294 2156 1375 2193 eius
1400 2155 1472 2194 im-

769 2202 872 2249 perio
891 2202 1301 2250 suberan12profuturi,
1327 2207 1372 2243 ad
1392 2204 1472 2245 exi·

766 2262 849 2287 tum
870 2252 1173 2299 perducerentur.
1200 2256 1318 2304 Sreph.

819 2303 855 2348 r)
885 2300 1017 2337 inculti
1040 2314 1079 2339 et
1095 2305 1260 2340 vacantis
1281 2305 1350 2342 soli
1369 2304 1471 2347 effer.

768 2350 907 2387 etiamsi
929 2350 1166 2399 imperatoria
1184 2354 1272 2391 effet
1293 2355 1472 2403 poffeffio,

769 2400 848 2436 eius
873 2412 1052 2448 quantum
1080 2404 1164 2450 quis
1187 2405 1300 2441 vellet
1326 2417 1368 2440 ac
1385 2403 1474 2451 pos-

770 2448 834 2490 set,
859 2462 1061 2496 occupare,
1086 2462 1145 2496 et,
1175 2465 1288 2501 quum
1309 2455 1390 2491 eius
1409 2465 1475 2489 cu-

770 2511 848 2535 ram
870 2499 1076 2547 suscepisset
1093 2513 1135 2536 ac
1153 2504 1331 2547 coluisset,
1351 2503 1474 2538 domi.

770 2561 861 2585 num
874 2548 941 2584 esse
962 2551 1147 2596 permisit:
1170 2553 1259 2600 quin
1272 2553 1472 2589 etiamim-

770 2598 993 2635 munitatem
1030 2612 1049 2636 a
1077 2601 1309 2647 quibuslibet
1346 2602 1473 2638 oneri-

770 2648 847 2687 bus,
872 2647 930 2689 iis,
954 2647 1016 2696 qui
1041 2661 1146 2698 agros
1166 2654 1347 2694 colerent,
1366 2651 1472 2687 dedit

766 2697 806 2734 in
825 2696 1071 2741 decennium
1097 2709 1136 2736 et
1158 2699 1199 2737 in
1229 2712 1471 2750 perpetuum,
