1707 3029
676 31 689 50 'A

435 142 949 192 HERODIANT
993 138 1481 194 HISTORI'AE

211 270 288 307 pue
305 271 499 306 opponere
518 259 678 297 hostibus
697 262 960 298 consueuerat:
986 273 1026 298 vt
1047 265 1184 308 primos
1204 261 1378 300 videlicet
1397 263 1558 311 impetus
1574 275 1641 301 ex-

211 307 377 353 ciperent
390 333 400 349 ,
427 307 571 345 feroces
590 309 818 355 audacesque
837 308 949 347 initio
969 323 1110 357 pugnae
1127 310 1217 353 viri,
1241 311 1345 348 simul
1365 324 1427 354 vt,
1462 311 1486 348 fi
1505 312 1544 348 in
1565 312 1640 349 dis·

171 371 194 404 7
210 356 350 392 crimen
371 356 581 400 veniretur,
604 358 687 393 vilis
706 357 925 404 potissimum
961 359 1116 396 barbaria
1145 361 1205 397 illa
1235 361 1513 407 periclitaretur.
1563 359 1639 398 Sed

209 406 270 442 vbi
292 416 407 441 totam
433 406 622 452 planitiem
649 406 799 443 l'eruatis
817 407 889 443 rite
903 408 1091 446 ordinibus
1111 410 1411 449 transmiserunt,
1448 411 1490 446 ad
1511 409 1641 446 Italiae

210 456 336 491 vrbem
358 467 579 502 peruentum
600 455 670 496 est,
696 468 790 502 quae
815 459 857 495 v)
878 457 962 493 Ema
984 471 1002 494 a
1023 457 1228 495 cultoribus
1257 469 1422 494 vocatur.
1495 459 1542 496 Ea
1571 453 1636 494 lita

170 516 191 550 8
212 502 260 538 est
281 503 319 539 in
340 505 497 539 extrema
520 504 673 549 planitie
692 504 736 539 ad
758 504 908 551 Alpium
940 506 1089 544 radices.
1151 507 1224 542 Vbi
1251 507 1496 552 speculatores
1524 517 1636 554 atque

209 553 464 598 exploratores
485 553 667 589 exercitus
687 564 834 589 narrant
858 555 1080 598 Maximino,
1117 567 1266 592 vacuam
1297 555 1453 592 relictam
1485 556 1636 591 vrbem:

207 600 383 650 aufugiffe
406 600 707 642 omnesincolas,
743 604 966 650 templorum
989 606 1098 641 etiam
1131 618 1171 641 ac
1198 607 1394 641 domorum
1427 603 1544 639 ianuis
1574 603 1636 640 in·-

167 667 189 700 9
207 649 578 691 cendioconlumtis,
605 662 716 698 atque
740 653 933 695 omnibus,
956 666 1050 698 quae
1069 654 1124 690 vel
1148 655 1183 690 in
1197 655 1284 690 vrbe
1305 653 1361 689 vel
1387 651 1425 689 in
1447 652 1539 700 agris
1551 651 1636 689 fue-

206 700 504 746 rant‚exportatis
517 711 578 733 aut
591 699 666 747 igni
681 701 861 747 corruptis
875 716 882 736 :
897 703 990 738 nihil
1005 710 1068 739 an't
1079 704 1253 740 iumentis
1265 714 1328 739 aut
1341 701 1553 738 hominibus
1565 700 1633 738 ali-

144 762 188 788 10
206 760 417 784 mentorum
441 748 614 784 relietum.
644 750 749 795 Qae
770 761 825 785 res
848 762 945 798 grata
969 752 1146 798 imprimis
1169 752 1376 789 Maximino
1399 750 1492 791 fuit.
1528 746 1633 798 quod¹

202 796 303 834 idem
323 807 487 833 caeteros
507 809 656 843 quoque
679 799 836 845 populos
860 806 905 844 x)
933 800 995 836 suo
1013 813 1200 849 quemque
1227 812 1328 837 metu
1352 799 1508 837 faeruros
1535 796 1631 834 arbi·

201 847 385 881 trabatur:
409 856 536 881 contra
558 846 696 882 milites
715 846 870 896 indigne
890 849 1070 890 tulerunt,
1098 848 1200 894 quod
1218 851 1261 886 ab
1279 847 1386 884 initio
1405 848 1633 885 statimfame

141 911 181 936 11
199 894 414 930 laborarent.
468 895 671 942 Quumque
692 896 836 933 nostem
857 899 1066 943 exegissent,
1091 899 1326 944 partimintra
1349 908 1515 945 patentes
1526 909 1633 933 com-

199 944 404 989 munesque
438 943 615 980 omnibus
644 945 795 989 domos,
846 946 976 993 partim
1006 948 1044 983 in
1077 947 1231 992 planitie
1264 948 1356 993 ipsa.
1411 945 1526 981 statim
1557 945 1634 981 sole

137 1007 180 1035 12
199 993 343 1028 oriente
366 992 410 1027 ad
430 993 542 1038 Alpes
560 992 793 1033 aecess‘erunt.
852 995 902 1032 Hi
938 996 1020 1032 sunt
1050 996 1244 1045 longiffimi
1272 996 1422 1043 quidam
1464 999 1634 1036 montes,

197 1039 278 1076 vice
297 1051 482 1077 murorum
504 1042 627 1078 ltaliae
645 1043 879 1084 circumdati.
906 1056 1018 1090 arque
1040 1047 1132 1081 adeo
1156 1046 1193 1081 in
1216 1046 1330 1081 altum
1358 1042 1461 1086 editi,
1505 1054 1545 1081 vt
1572 1053 1632 1081 et-

196 1090 267 1125 iam
293 1089 458 1135 superare
478 1091 594 1127 nubes
613 1091 826 1129 videantur:
851 1093 978 1141 itaque
995 1095 1031 1130 in
1053 1094 1206 1141 longum
1231 1094 1396 1140 porreffi,
1422 1104 1463 1129 vt
1483 1093 1631 1128 vuiuer..

134 1151 176 1189 ¹3
197 1138 267 1173 sam
288 1139 428 1174 ltaliam
446 1141 786 1186 comprehendant,
803 1143 848 1190 y)
877 1145 980 1179 laeua
1003 1143 1044 1179 ad
1067 1144 1303 1191 Tyrrhenum
1319 1144 1479 1190 pelagus,
1503 1141 1630 1178 dextra

195 1187 241 1224 ad
262 1187 408 1223 lonium
428 1201 543 1231 vsque
561 1190 838 1237 pertingentes:
863 1190 980 1228 denlis
1001 1193 1136 1239 vbique
1157 1193 1369 1228 nemoribus
1399 1189 1541 1232 inseffii
1568 1200 1628 1226 δί·

134 1253 178 1284 14
195 1247 266 1284 que
284 1236 535 1283 angustiffimis
555 1237 706 1274 callibus
741 1250 778 1274 et
804 1240 950 1286 rupium
981 1253 1172 1290 praerupta
1202 1241 1423 1282 altitudine,
1454 1239 1627 1286 scopulo-

192 1297 347 1332 rumque
366 1285 557 1332 asperitate
579 1286 638 1322 vix
659 1286 776 1332 peruii
792 1314 802 1330 ,
829 1289 1023 1326 nonnullis
1045 1302 1167 1326 tamen
1198 1289 1292 1337 quasi
1321 1289 1457 1327 semitis
1489 1299 1624 1336 magno

132 1352 174 1386 15
193 1345 358 1371 veterum
378 1334 550 1370 Italorum
571 1335 697 1372 labore
717 1337 941 1374 manufactis.
992 1339 1371 1387 Quapropteringens
1389 1337 1627 1374 transiturum

192 1383 273 1420 illac
289 1382 493 1419 exercitum
516 1383 680 1420 formido
700 1387 873 1426 tenebat.
915 1387 1119 1433 sperantem
1143 1388 1282 1424 summa
1307 1387 1388 1434 iuga
1414 1386 1531 1423 teneri
1553 1386 1626 1425 iam

133 1443 175 1476 16
193 1433 237 1468 ab
254 1433 375 1473 hoste,
398 1432 598 1480 nullosque
616 1445 694 1469 non
706 1434 907 1472 obstructos
926 1436 1047 1473 exitus
1065 1438 1107 1473 ad
1129 1437 1164 1472 se
1175 1435 1441 1483 prohibendos.
1491 1435 1629 1487 Neque

192 1481 225 1518 is
242 1492 365 1518 metus
385 1481 431 1518 de
464 1481 585 1519 nihilo
608 1493 701 1525 erat,
725 1482 893 1522 locorum
903 1495 1071 1522 naturam
1090 1485 1449 1533 contemplantibus.

221 143 320 196 '124'

889 1602 936 1638 Π.

189 1659 333 1728 Postea
351 1674 438 1699 vero
455 1674 564 1711 quarn
583 1663 656 1701 fine
676 1665 752 1702 vllo
772 1665 1043 1713 impedimento
1072 1665 1250 1712 superatis
1269 1664 1429 1714 Alpibus
1455 1663 1495 1702 in
1512 1663 1622 1702 eastra

261 1711 549 1752 descenderant,
577 1713 662 1749 laeti
683 1715 825 1752 scilicet
843 1728 974 1752 ornnes
993 1715 1338 1752 instauratisanimis
1357 1713 1621 1755 vitulabantur,

147 1781 170 1807 2
190 1758 360 1808 nihilque
378 1774 455 1796 non
481 1761 542 1797 libi
563 1775 605 1799 ex
628 1763 808 1801 sententia
830 1764 1004 1801 cessurum
1030 1763 1255 1801 Maximinus
1283 1764 1544 1805 arbitrabatur.
1569 1773 1622 1799 ne

187 1809 357 1844 locorum
376 1809 526 1858 quidem
547 1812 586 1857 z)
620 1810 826 1850 difficultati
849 1811 1049 1850 fidentibus
1077 1812 1199 1854 Italis,
1233 1813 1329 1849 intra
1355 1825 1443 1858 quas
1474 1811 1620 1849 latitare

188 1856 254 1904 ipsi
275 1870 314 1894 et
333 1858 434 1894 saluti
457 1859 539 1896 suae
561 1861 774 1904 consulere,
802 1872 1061 1910 praetereaque
1094 1861 1251 1897 insidiari
1279 1859 1463 1903 hostibus,
1497 1864 1545 1906 a)
1574 1870 1619 1896 ac

146 1922 169 1961 3
190 1906 279 1942 locis
299 1907 453 1953 superne
473 1908 757 1946 imminentibus
791 1921 952 1959 pugnam
982 1910 1161 1958 capessere
1188 1910 1397 1957 potuissent.
1457 1911 1527 1947 Sed
1553 1907 1618 1946 vbi

187 1955 380 2002 planitiem
399 1957 625 2005 attigerunt,
652 1959 832 1996 nuntiant
851 1960 1097 2005 exploratores
1119 1958 1309 1996 maximam
1340 1958 1460 1996 ltaliae
1480 1960 1618 1997 vrbem

145 2024 168 2058 4
186 2004 394 2052 Aquileiam
421 2018 542 2052 portas
571 2006 772 2045 occlufiss'e:
820 2008 1097 2045 Pannoniorum
1126 2009 1221 2045 acies
1249 2020 1343 2055 quae
1372 2008 1617 2056 praeiuerant,

184 2053 315 2089 acriter
340 2065 483 2090 murum
506 2057 747 2103 oppugnasse:
773 2067 958 2094 caeterum
988 2068 1131 2093 tentata
1161 2070 1199 2094 re
1233 2057 1361 2104 saepe.
1403 2069 1532 2093 omnes
1555 2057 1616 2093 in-

181 2103 310 2138 cass'um
333 2115 489 2140 conatus
510 2105 660 2142 euasilse.
714 2108 841 2154 ltaque
867 2105 937 2151 iam
958 2106 1179 2155 defatigatos
1205 2108 1399 2148 recedere,
1431 2104 1615 2153 lapidibus

145 2170 163 2203 5
183 2150 319 2188 scilicet
338 2165 376 2188 et
392 2153 500 2189 hastis
522 2166 726 2203 magnaque
747 2155 958 2204 sagittarum
990 2155 1026 2192 vi
1056 2155 1210 2202 desuper
1238 2155 1509 2204 ingruentibus.
1560 2156 1613 2192 At

181 2200 406 2237 Maximinus
425 2202 538 2240 iratus
561 2203 782 2247 Pannoniis,
825 2204 922 2253 quali
952 2216 1084 2250 parum
1111 2204 1269 2254 impigre
1292 2203 1498 2254 praeliaris,
1532 2201 1614 2252 ipse

919 2304 1044 2351 lagus,
1072 2314 1090 2338 a
1109 2302 1217 2339 laeuo
1230 2328 1240 2345 ,
1269 2303 1313 2339 ad
1331 2301 1480 2339 Ionium
1491 2299 1608 2338 finum

231 2298 271 2344 v)
299 2300 340 2334 ln
371 2309 444 2336 vet.
473 2301 578 2338 Frob.
611 2300 701 2338 edit.
728 2303 870 2339 Emona.

921 2354 1189 2400 pertingentes,
1216 2352 1360 2387 Memm.

176 2346 295 2394 Steph.
324 2358 363 2382 vt
374 2349 484 2384 ctiam
497 2350 593 2397 apud
605 2352 870 2392 Ptolemaeum.

177 2396 274 2442 apud
294 2395 424 2431 lulium
437 2398 689 2445 Capitolinum
700 2403 869 2444 Hemona.

178 2443 274 2491 apud
297 2444 454 2481 Plinium
484 2452 651 2484 Acmona.
702 2451 793 2496 Sylb.

225 2496 270 2536 x)
296 2493 431 2539 Aptius
453 2496 541 2531 ess'et
552 2497 635 2543 sui.-
686 2509 796 2546 atque
817 2498 868 2536 ita

176 2539 321 2578 fortasse
341 2541 473 2590 scriplit
501 2545 578 2581 Pol.
601 2546 717 2595 Stepb.

220 2594 265 2640 y)
293 2590 452 2628 Diuerso
473 2591 539 2630 situ
568 2606 586 2629 a
617 2595 763 2634 Graeco
795 2595 868 2633 hoc

179 2640 288 2679 dixit.
340 2642 480 2677 Graeca
527 2642 626 2678 enim
665 2646 819 2687 sonant,
844 2658 868 2681 a

180 2691 306 2726 dextro
325 2689 449 2728 ltaliae
467 2691 580 2729 latere
591 2716 602 2735 ,
629 2692 674 2729 ad
691 2694 784 2742 Tyr.
804 2706 868 2742 pe-

966 2402 1007 2444 z)
1040 2400 1090 2436 Ex
1111 2411 1180 2441 eu,
1206 2399 1307 2447 quod
1339 2399 1524 2449 sequitur,
1550 2400 1609 2436 in·

919 2458 983 2484 tra
1009 2460 1117 2496 quas,
1154 2448 1193 2484 in
1219 2447 1393 2485 omnibus
1424 2448 1613 2489 editioni-A

920 2498 1006 2539 bus,
1032 2496 1216 2539 coniicio,
1243 2497 1322 2533 Pol.
1344 2496 1508 2545 scripsisse
1525 2498 1605 2545 dif-

908 2546 1128 2594 ficultatibus
1146 2571 1159 2588 ,
1203 2545 1421 2594 scripturum
1467 2546 1608 2596 alioqui

917 2595 1019 2631 intra
1039 2606 1122 2642 quos
1154 2614 1195 2622 —
1226 2596 1345 2644 Steph.

962 2645 1003 2689 a)
1031 2654 1125 2690 puto
1154 2643 1331 2691 scriptum
1359 2643 1489 2688 fuiffe.
1528 2653 1605 2682 are

916 2693 1000 2729 Iocis
1011 2692 1092 2742 sup.
1115 2710 1155 2723 -·
1177 2693 1296 2743 Sti-pk.
