1748 3017
198 81 267 123 40

405 65 921 113 HERODIANI
972 67 1467 113 HISTORIAE

158 189 182 216 2
202 177 280 222 riis,
307 177 485 225 omnique
503 177 654 220 viatico,
678 178 719 224 d)
740 175 836 212 nihil
856 175 920 212 fibi
943 177 987 214 ad
1019 178 1246 215 celeritatem
1267 177 1358 216 facit
1384 174 1532 225 reliqui,
1558 176 1646 229 nuly

204 229 251 265 lis
272 226 561 272 interquiescens
589 227 697 262 locis:
723 239 763 262 ac
782 225 841 261 vix
870 224 1024 262 relidere
1044 229 1219 275 tantisper
1250 228 1388 265 milites
1414 228 1537 274 passus.
1560 227 1642 264 'dm-

164 282 183 321 3
206 290 277 314 nec
306 289 324 312 a
351 276 464 312 nimia
486 275 630 313 itineris
661 274 908 312 contentione
929 276 1160 320 respirarent.

1213 279 1292 324 lpse
1312 277 1409 313 inter
1432 276 1568 324 primos
1588 274 1642 313 lit-³·

182 322 352 368 ¹boi-ans,
377 324 516 373 vilique
545 327 781 361 tabernaculo
801 335 928 365 vtem,
954 328 1075 360 cibum
1100 337 1307 374 potumque
1333 329 1507 365 eundem,
1528 336 1643 371 quem

209 375 319 411 etiam
339 374 470 409 caeteri
499 375 646 414 milites,
675 374 859 418 capiebat:
890 373 982 409 nihil
1003 386 1163 419 vnquam
1190 377 1448 422 imperatoriae
1468 375 1646 413 luxuriae.

166 431 190 467 4
211 423 306 461 nihil
325 422 535 459 deliciarum
557 424 760 458 ostentans:
788 421 834 457 slC
855 432 895 458 vt
917 424 1104 468 acceptior
1123 425 1163 460 in
1182 425 1258 460 dies
1279 434 1311 471 e)
1325 425 1503 460 militibus
1523 421 1644 459 fieret.

209 475 307 511 Nam
327 484 440 518 quum
460 472 623 508 laborum
656 472 824 508 omnium
850 483 930 508 non
959 474 1073 508 modo
1093 473 1284 519 particeps,
1311 473 1368 509 sed
1392 475 1562 519 princeps
1587 481 1645 508 et-

211 522 284 559 iam
313 532 492 567 autorque
513 521 623 560 foret,
644 521 740 556 *adeo
763 519 904 557 cunetis
925 522 1144 558 venerabilis
1163 535 1251 562 erat.
1283 535 1321 558 vt
1349 522 1443 558 niizil
1473 532 1550 556 non
1575 530 1647 567 pro

169 575 187 609 5
210 571 279 608 illo
307 568 531 616 cupidiffime
549 570 674 606 faFturi
706 570 929 605 viderentur.

983 570 1103 606 Postea
1136 584 1224 607 vexo
1246 584 1355 618 quam
1386 571 1531 608 emensa
1553 571 1652 606 Pam,

214 618 330 656 nonia
354 618 453 664 ipsos
470 619 592 655 ltaliae
605 620 658 665 f)
686 630 833 654 montes
863 618 1018 659 insedit,
1055 619 1265 667 famamque
1296 621 1348 656 lui
1385 619 1647 667 praeueniens,

171 665 193 699 6
217 669 317 716 prius
346 680 470 703 coram
490 668 702 713 conspectus
725 668 773 703 est
794 680 904 715 quam
924 669 1121 705 aduentare
1141 670 1306 706 auditum
1329 670 1462 710 fuerat,
1491 676 1649 716 magnus

215 717 354 754 scilicet
382 728 510 753 omnes
539 716 663 752 ltaliae
693 716 864 754 ciuitates
891 729 994 752 tanto
1025 719 1222 763 conspecto
1251 718 1418 765 exercitu
1446 729 1567 753 metus
1589 715 1653 754 in—

215 765 325 803 uafit:
353 766 489 813 quippe
514 765 681 801 homines
710 766 748 802 in
770 766 870 801 ltalia
898 767 1112 812 iampridem
1139 769 1182 802 ab
1204 769 1312 803 armis
1331 767 1504 814 belloque
1524 777 1657 801 remo-

171 819 195 854 7
217 814 359 855 tiiiimi,
397 825 501 862 agros
529 827 729 862 pacemque
755 815 936 851 colebant.

991 817 1138 852 Etenim
1172 815 1348 864 quamdiu
1375 817 1488 852 libera
1515 813 1651 850 ciuitas

216 863 315 912 egit,
339 874 450 910 atque
475 876 491 898 a
512 863 635 900 senatu
658 864 741 900 belli
763 865 875 900 duces
896 867 941 911 g)
961 864 1206 910 eligebantur,
1233 865 1337 901 fuere
1364 865 1403 901 in
1425 865 1533 900 armis
1555 864 1652 901 sem-

217 926 279 961 per
300 912 420 947 ltaliae
443 913 626 955 nationes,
652 911 876 959 Graecisque
895 923 934 952 et
954 914 1112 949 barbaris
1129 913 1305 956 sumetis,
1331 926 1450 950 terrae
1479 912 1545 949 fibi
1570 924 1650 948 ma-

171 965 190 996 3
215 963 334 1006 risque
354 961 545 1007 imperium
563 973 800 1008 pepererunt.
832 974 954 1008 neque
973 962 1044 997 vlla
1058 963 1158 999 orbis
1178 973 1357 998 terrarum
1377 975 1457 1009 pars
1477 972 1540 999 aut
1559 959 1654 997 caeli

170 1016 193 1049 9
216 1011 347 1045 tractus
365 1009 451 1051 fuir,
470 1022 545 1056 quo
568 1024 644 1046 non
666 1013 759 1047 vires
781 1011 856 1047 suas
879 1014 1126 1047 Romanorum
1147 1025 1242 1047 arma
1267 1011 1502 1057 protulerint.
1525 1009 1655 1047 1³0stea

214 1071 301 1094 vero
321 1070 428 1104 quam
452 1060 636 1106 Augustus
656 1073 775 1096 rerum
801 1059 941 1106 potitus
963 1060 1025 1101 est,
1054 1071 1093 1096 et
1115 1062 1277 1097 laborem
1303 1059 1405 1097 Italis
1423 1059 1582 1100 ademit,
1610 1067 1650 1094 et

212 1119 306 1144 arma
330 1107 508 1145 detraxit:
545 1110 580 1153 h)
600 1108 735 1144 milites
756 1120 899 1145 tantum
913 1109 1092 1155 quosdam
1113 1110 1222 1146 certis
1235 1108 1504 1146 autoramentis
1521 1106 1652 1144 habuit

213 1157 474 1196 mercenarios,
498 1157 561 1202 qui
582 1159 786 1193 Romanum
808 1168 1002 1193 tuerentur
1023 1158 1238 1203 imperium:
1267 1169 1346 1194 tum
1360 1158 1564 1195 fluuiorum
1577 1167 1654 1192 ma-

215 1205 415 1254 gnitudine
435 1216 545 1251 atque
563 1207 749 1246 foliarum,
780 1205 1049 1252 montibusque
1070 1206 1285 1250 asperrimis,
1312 1206 1539 1253 desertisque
1556 1205 1653 1242 locis

145 1255 192 1279 ¹0
216 1266 327 1300 atque
358 1253 544 1300 imperuiis
569 1255 834 1301 circumseptos
859 1254 1002 1299 imperii
1022 1254 1160 1290 limites
1190 1255 1454 1292 communiuit.
1494 1254 1657 1302 roirq

215 1315 254 1338 ca
274 1303 410 1338 merito
433 1315 574 1343 omnes,
604 1306 791 1350 postquam
811 1304 1011 1340 aduentare
1029 1306 1205 1340 Seuerum
1224 1317 1306 1341 cum
1326 1315 1433 1340 tanto
1452 1305 1571 1341 milite
1590 1314 1656 1338 au-

149 1353 188 1377 ¹¹
215 1352 413 1392 diuerunt,
450 1351 592 1387 insueta
622 1365 660 1388 re
693 1353 901 1398 perterriti,
927 1364 1042 1400 quum
1068 1364 1189 1400 neque
1217 1353 1305 1389 stare
1334 1365 1462 1390 contra
1480 1378 1492 1395 ,
1528 1363 1655 1400 neque

215 1399 412 1445 prohibere
431 1400 622 1442 auderent,
649 1401 754 1437 ibant
782 1401 932 1437 obuiam
962 1403 1137 1441 laureati,
1166 1402 1359 1449 portisque
1380 1414 1466 1438 eum
1498 1401 1658 1449 patenti·

214 1450 282 1484 bus
308 1448 551 1493 excipiebant.
589 1450 655 1485 Ille
686 1449 827 1486 tamdiu
847 1450 937 1485 locis
966 1448 1116 1498 singulis
1139 1450 1372 1491 immoratus,
1394 1451 1570 1498 quamdiu
1589 1458 1656 1486 aut

215 1498 307 1533 sacra
326 1496 465 1533 faceret
492 1509 555 1534 aut
576 1499 734 1545 populos
766 1498 1037 1545 alloqueretur,
1067 1501 1219 1536 Romam
1247 1514 1266 1536 e
1287 1500 1440 1548 vestigio
1469 1500 1656 1547 pergebat.

151 1548 191 1572 1²
216 1548 321 1593 Qae
341 1546 403 1581 vbi
423 1547 565 1582 Iuliano
588 1548 762 1584 nunciata
785 1547 881 1587 sunt,
912 1549 942 1590 i)
964 1549 1081 1585 aetum
1110 1550 1155 1585 de
1184 1549 1221 1585 se
1252 1549 1395 1596 prorsus
1419 1547 1657 1586 existimauit·-

214 1597 309 1633 Nam
340 1606 379 1630 et
399 1595 579 1632 exercitus
611 1596 747 1644 lllyrici
777 1597 984 1643 potentiam
1014 1597 1372 1646 multitudinemque
1399 1598 1594 1640 audiebat,
1615 1606 1657 1633 et

215 1643 356 1691 populo
390 1656 514 1690 parum
549 1643 707 1685 fidebat,
753 1645 812 1682 cui
844 1644 878 1681 se
905 1647 1081 1682 cernebat
1108 1646 1285 1684 inuisum:
1318 1660 1441 1694 neque
1469 1647 1552 1685 satis
1581 1658 1657 1682 ma-

150 1691 191 1729 ¹3
217 1704 325 1741 gnam
353 1691 450 1739 spem
480 1694 519 1730 in
539 1694 722 1731 militibus
749 1694 925 1734 habebat,
950 1707 1043 1743 quos
1071 1696 1247 1732 videlicet
1268 1695 1465 1733 fefellisset.

1526 1699 1658 1743 ltaque

218 1740 382 1778 concitas
401 1742 564 1788 vndique
593 1743 779 1789 pecunias,
806 1745 939 1790 partim
966 1745 1064 1785 ωας,
1095 1744 1225 1792 partim
1255 1746 1299 1781 ab
1328 1745 1455 1782 amicis
1475 1755 1659 1792 acceptas,

219 1803 299 1828 tum
319 1802 560 1837 quascunque
580 1792 618 1827 in
641 1792 792 1839 templis
814 1792 969 1841 aliisque
990 1793 1084 1829 locis
1105 1794 1251 1839 publice
1273 1793 1485 1835 inuenisset,
1510 1793 1658 1830 diuide-

218 1852 256 1874 re
276 1837 457 1875 militibus
488 1839 666 1882 instituit,
690 1854 731 1878 vt
753 1855 799 1878 eo
821 1842 924 1888 pasto
945 1841 1095 1878 illorum
1116 1842 1422 1879 beneuolentiam
1443 1843 1658 1879 redimeret.

152 1889 196 1924 Ι4
219 1888 291 1923 Sed
318 1886 365 1928 ei,
385 1888 522 1926 tametsi
545 1891 655 1926 multa
678 1903 881 1939 magnaque
901 1902 1135 1938 acceperant,
1163 1891 1302 1928 nullam
1323 1903 1447 1930 tamen
1469 1893 1658 1929 habebant

218 1938 396 1985 gratiam,
428 1937 586 1984 persolui
615 1939 784 1976 debitum
810 1940 899 1981 fibi,
922 1953 1001 1976 non
1033 1940 1108 1975 dari
1131 1952 1266 1976 munus
1292 1941 1444 1987 aliquod
1473 1941 1660 1988 interpre-

151 1988 164 2013 ¹
175 1988 192 2022 5
217 1997 348 2024 tantes.

264 2092 314 2134 d)
364 2091 434 2131 iter
465 2092 633 2140 capessit:
672 2105 803 2142 magua
834 2106 910 2142 que

217 2140 462 2177 contentione
491 2152 531 2178 et
566 2142 750 2190 generosis
777 2144 911 2181 labori·

217 2188 283 2224 bus
303 2188 397 2225 viam
417 2190 602 2233 accelerat,
625 2204 746 2238 neque
757 2205 910 2241 vsquam

217 2250 472 2289 commorans,
509 2240 590 2281 vel,
620 2240 758 2289 aliquid
787 2255 910 2281 morae

215 2296 474 2331 interponens,
487 2300 607 2335 neque
621 2289 912 2337 interquiescen-

217 2334 266 2387 di.
287 2334 441 2379 spatium
473 2337 704 2379 concedens,
740 2339 805 2376 nisi
832 2353 910 2387 quo

218 2383 365 2423 milites,
386 2385 573 2429 paululum
593 2387 823 2432 respirantes,
844 2389 912 2425 iter

216 2445 301 2468 mox
317 2433 629 2480 persequerentur.
659 2437 780 2482 lpse—
797 2438 912 2488 Steph.

259 2483 292 2523 e)
317 2482 648 2525 commilitonibus,
676 2487 813 2524 Memm.

259 2530 310 2575 f)
340 2530 443 2573 fines,
475 2533 611 2567 Memm.

261 2581 314 2625 g)
338 2580 614 2616 emittebantur.
643 2583 762 2630 Steph.

268 2626 309 2674 b)
325 2630 398 2668 Sed
419 2629 588 2677 praesidia
608 2632 819 2682 etlegiones
841 2635 910 2673 im-

401 1988 599 2026 Caeterum
618 1988 851 2029 suadentibus
871 1988 1169 2032 amicisluliano,
1183 2000 1222 2026 vt
1243 1989 1447 2028 exercitum
1468 1989 1660 2032 educeret,

959 2094 1063 2142 perio
1085 2093 1317 2131 munimenta
1341 2094 1413 2132 effe
1429 2094 1567 2139 voluit.
1587 2095 1662 2132 mi-

959 2144 1044 2180 lites
1063 2145 1242 2191 quosdam
1265 2145 1376 2181 certis
1398 2145 1534 2181 ηυξ-ἴοι.
1571 2157 1661 2181 con·
1683 2171 1685 2176 ,

959 2194 1113 2231 stituens
1126 2193 1386 2235 mercenarios,
1398 2193 1462 2242 qui
1474 2193 1579 2229 Rom.
1591 2194 1662 2229 im-

961 2242 1066 2290 perio
1092 2241 1174 2278 vice
1201 2253 1394 2278 murorum
1417 2241 1549 2283 effent;
1578 2254 1661 2280 tum

959 2290 1048 2327 fluv.
1071 2289 1182 2326 Polit.
1211 2301 1335 2326 tamen
1357 2289 1492 2326 alicubi
1510 2296 1556 2328 τὰ
1577 2308 1660 2339 ega-

960 2343 1085 2377 ⁷622&oe
1114 2347 1169 2375 καὶ
1191 2343 1237 2375 τὰ
1253 2344 1394 2384 φρούρια
1415 2339 1522 2376 castra
1541 2352 1579 2377 et
1597 2353 1659 2376 ca-

961 2389 1061 2425 stella
1090 2386 1214 2423 vertit.
1239 2388 1354 2435 Stepb.
1399 2387 1660 2435 praesidiorum

962 2446 1074 2481 atque
1108 2436 1339 2473 exercituum
1364 2448 1475 2474 vtens
1511 2450 1657 2486 propu-

961 2485 1136 2536 gnaculis.
1163 2486 1291 2520 Memm
1667 2485 1672 2490 '

1010 2535 1042 2578 i)
1066 2534 1104 2571 in
1126 2533 1264 2571 summa
1293 2534 1547 2585 desperatione
1565 2545 1658 2574 erat.

960 2584 1083 2635 Steph.
