1707 3029
321 119 398 167 IN
433 115 812 162 HERODIANI
847 114 1231 160 HISTORIAM.

1395 123 1488 158 211

319 239 490 284 Heluii,
525 254 576 279 ex
600 236 753 294 quibus
773 238 973 277 Pertinax
991 238 1237 291 Imperator,

129 318 417 366 Cn.He]uius‚
449 320 566 362 Trib.

70 376 340 425 Mil.,caesus
362 379 405 416 in
427 392 566 432 pugna

69 446 212 479 contra
224 435 472 489 IVIagonem,
486 435 567 472 fra-

70 503 174 531 trem
186 490 452 531 Hannibalis.
463 491 563 531 Liu.

70 560 140 598 502

124 673 180 712 L.
205 673 386 713 Heluius
413 674 564 713 Lamia

68 729 137 771 vel
191 731 381 779 Mantih,
435 730 563 771 homo

69 787 286 836 deformis,
313 788 362 827 de
377 803 460 842 quo
473 789 561 829 Cic.

71 856 116 889 2.
133 844 184 884 de
217 845 334 892 Orat,
362 846 464 888 Plin.
491 855 561 894 55,

66 911 106 959 4.
128 911 204 942 etc·

126 1029 173 1070 P.
219 1028 449 1071 Heluidius
494 1028 562 1068 vel

68 1085 253 1125 Heluius
272 1085 563 1133 Succeffus‚]i-

67 1142 268 1182 bertinus.
324 1144 462 1182 onr.
477 1172 485 1180 .
501 1172 511 1182 .
527 1173 535 1182 .
550 1171 563 1190 ,

67 1215 173 1253 quae
187 1230 198 1248 ,
237 1200 372 1239 filium
394 1201 561 1239 comita·

65 1269 105 1295 ta
128 1257 171 1295 in
185 1257 468 1306 Germaniam,
483 1257 560 1296 ibi-

67 1313 160 1355 dem
185 1313 305 1353 obiit.

120 1441 167 1479 P.
209 1439 392 1480 Heluius
429 1440 562 1479 Perti-

65 1511 164 1544 nax,
196 1498 301 1550 Imp.
316 1498 441 1540 Rom.
472 1502 562 1536 Per-

64 1555 183 1599 tinax
212 1554 349 1595 dictus
388 1569 409 1593 a
444 1564 560 1607 patre

66 1627 119 1654 ex
141 1611 341 1657 continua
358 1610 561 1667 lignariae

64 1668 378 1724 negotiatione,
445 1667 561 1724 quod

0 1724 3 1729 ’
67 1741 158 1771 eam
189 1725 460 1780 pertinaciter
491 1740 560 1773 ex-

66 1794 235 1823 erceret.

122 1842 239 1881 onr
259 1840 407 1879 Flauia
427 1841 561 1883 Titia-

0 1920 36 1943 μ-
65 1912 135 1943 na,
167 1897 252 1942 filia
271 1897 336 1941 Fl.
363 1897 562 1951 Sulpitia-

67 1957 126 2002 ni,
156 1969 280 2008 quem
297 1955 561 1999 Praefectum

66 2012 190 2052 Vrbis
223 2011 298 2050 suo
325 2011 419 2049 loco
451 2011 564 2054 fece-

66 2079 141 2107 rat.
202 2067 366 2106 Habuit
398 2076 440 2106 et
462 2067 564 2106 Cor-

67 2125 248 2165 nificiam
271 2123 562 2169 concubinam.

685 317 733 356 C.
770 316 965 365 Heluius,
1001 316 1125 358 Aedi·.

624 373 805 413 lisPleb.
826 385 865 413 et
887 376 1057 414 Praetor
1069 375 1120 415 A.

626 432 676 470 V.
702 440 798 479 555.
819 431 996 471 Galliam
1017 431 1121 471 obti-

625 488 732 535 nuit.

684 546 733 586 C.
770 545 952 596 Heluius
985 546 1120 591 Cinna

623 603 710 657 sep.
738 604 855 646 Trib,
890 603 981 651 PL,
1032 617 1120 643 cae.-

624 659 691 699 sus
713 660 756 698 in
777 662 926 700 funere
948 661 997 702 C.
1025 660 1122 700 hilii

625 717 813 758 Caesaris
836 733 856 756 a
893 717 1017 772 plebe
1046 732 1123 772 per

623 789 804 814 errorem
817 790 1014 823 nominis,
1027 790 1121 815 cum

624 833 720 871 Cor.
756 833 934 872 Cinnam
953 834 1122 872 Praeto-

621 903 708 928 rem
726 888 1008 929 existimarent
1022 889 1119 929 effe.

680 946 861 985 Heluius
880 947 1028 992 Blasio,
1056 948 1117 986 D.

620 1003 744 1042 Bruti
769 1019 920 1051 comes,
944 1004 1033 1059 qui,
1057 1018 1120 1043 re·

620 1060 698 1098 bus
726 1059 983 1114 desperatis,
1025 1075 1119 1105 cum

620 1116 693 1157 ille
715 1128 891 1158 mortem
914 1117 1028 1156 suam
1059 1117 1118 1156 la-

620 1184 898 1222 mentaretur,
942 1175 986 1212 iu
1019 1188 1116 1213 con-

618 1230 764 1284 spectu
787 1231 874 1269 eius
891 1230 1032 1288 gladio
1053 1231 1115 1271 in.-⁴

618 1287 778 1327 cubuit.

675 1344 1117 1400 HeluiusRufus‚gre-

621 1402 762 1457 garius
792 1402 910 1441 miles
935 1402 1012 1441 sub
1043 1403 1117 1444 Ti-

621 1459 752 1501 herio.

674 1516 858 1556 Heluius
929 1515 1115 1571 quidam,

620 1573 778 1614 occisus
802 1588 823 1612 a
845 1572 1002 1614 Claud.
1018 1574 1113 1614 Sen.

620 1631 672 1677 de
692 1641 825 1670 morte
849 1629 1032 1674 Claudii,
1083 1636 1089 1641 '

1209 312 1489 365 M.Heluius,

1180 372 1281 415 Aed.
1299 371 1417 411 Pleb.
1442 381 1486 411 et

1179 431 1317 471 Praet.
1357 431 1405 483 A.
1428 429 1482 471 V.

1181 490 1276 536 556.
1302 486 1455 540 Hispa-

1180 547 1291 584 niam
1315 543 1487 583 vlterio-

1180 617 1280 655 rem>
1307 600 1481 656 aceepit.

1148 684 1154 689 ·
1179 660 1282 701 Liu.
1297 669 1364 708 52.

126 2277 163 2312 Ρ.
179 2270 363 2312 Heluius
385 2271 598 2319 Pertinax,
632 2272 783 2314 Caesar
803 2271 1038 2328 appellatus
1061 2288 1082 2312 a
1106 2273 1179 2313 Se-

68 2340 170 2368 natu
190 2328 336 2376 eodem
357 2327 450 2376 die,
483 2344 567 2383 quo
587 2340 717 2369 mater
740 2327 936 2384 Augusta.

69 2397 132 2427 ter
151 2384 390 2443 respondit:
422 2388 530 2427 Cum
554 2387 765 2430 meruerit.

997 2330 1078 2374 Sed
1107 2344 1177 2385 pa-

826 2386 918 2426 Post
932 2387 1092 2427 obitum
1106 2402 1178 2442 pa-

63 2445 142 2499 tris
160 2440 334 2487 Flamen,
357 2442 411 2483 est
432 2445 583 2484 factus.
627 2446 661 2485 A
677 2443 889 2486 Caracalla
908 2444 1177 2495 interfectus¹

0 2538 30 2563 ³
70 2499 182 2556 quod
203 2499 306 2542 esset
323 2501 592 2556 Imperatoris
621 2501 746 2544 filius.

9 2650 21 2659 .

0 2673 16 2706 ἰζ

0 2714 12 2727 ,.

4 2730 9 2739 .
