1707 3029
487 74 952 129 'LIBER-v⁸
1390 94 1466 140 91

32 190 104 232 rile
123 193 247 232 saltem
269 192 385 231 facere
404 192 633 239 videi-etun)
661 194 843 230 Vestalem
866 192 1115 234 sacerdotem,
1145 201 1254 241 quam
1265 192 1395 242 sacrae
1421 194 1475 230 le-

29 256 94 293 ges
113 244 238 280 castam
259 243 329 279 esse
362 255 400 279 et
434 243 614 290 virginem
650 254 830 289 perpetuo
863 243 1019 283 volunt,
1062 243 1250 288 abreptam
1279 256 1300 278 e
1331 243 1474 289 templo

27 306 98 342 pro
121 301 233 328 vxore
255 291 395 328 habuit.
462 293 514 327 Ita
544 292 721 327 moestum
758 302 864 328 tanto
893 289 1034 339 flagitio
1059 303 1099 326 ac
1128 292 1276 337 piaculo
1308 291 1475 328 senatum

31 355 100 390 per
118 342 306 388 epistolam
326 340 538 376 consolatus
553 366 563 380 .
591 344 791 376 humanum
815 340 883 376 effe
905 339 939 375 id
963 350 1176 386 peccatum,
1202 349 1350 386 captum
1374 341 1409 376 se
1430 340 1475 376 il-

35 391 108 427 lius
125 388 258 438 puellae
274 401 421 425 amore:
447 399 631 426 caeterum
657 389 833 425 sacerdoti
855 401 1061 436 congruere
1083 386 1280 426 sacerdotis
1308 388 1473 435 nuptias·

35 442 86 476 ob
108 437 220 486 idque
239 437 350 474 etiam
370 436 766 486 augustiores-futuras.
816 438 887 473 Sed
912 451 990 474 eam
1009 449 1161 483 quoque
1182 439 1293 483 paulo
1315 440 1392 484 post
1421 437 1474 474 di-

40 487 156 524 mifit:
185 486 292 524 tertia
313 499 426 523 vxore
449 487 574 527 duna,
604 500 697 533 quae
716 486 854 522 referre
874 485 977 523 suum
1008 498 1126 534 genus
1157 488 1200 523 ad
1223 487 1473 524 Commodum

39 535 244 574 dicebatur.
299 537 433 583 Neque
456 548 542 572 vero
560 536 721 572 humana
750 546 898 572 tantum
927 535 1161 572 matrimonia
1191 535 1364 577 ludebat,
1412 535 1473 572 sed

29 586 147 623 etiam
166 587 238 623 deo
260 585 325 621 suo
341 586 540 630 quaerebat
558 598 723 622 onrem.
774 588 901 625 ltaque
926 583 1080 621 Palladis
1102 583 1343 625 simulacrum,
1366 585 1470 632 quod

29 636 221 671 occultum
245 634 399 670 Romani
421 634 639 681 neminique
661 634 862 670 videndum
884 634 1036 673 colunt,
1062 634 1099 669 in
1123 634 1339 670 cubiculum
1362 633 1471 671 suum

31 682 240 720 transtulit:
269 683 539 730 immotumque
563 683 606 718 ad
628 697 704 719 eam
728 684 848 724 diem,
887 697 930 720 ex
953 696 1027 730 quo
1049 681 1154 720 Ilium
1185 684 1355 720 auectam
1389 683 1475 720 fue-

29 743 99 772 rat,
127 733 398 779 (praeterquam
418 743 532 776 quum
550 733 732 778 templum
745 731 1017 779 conflagrauit‚)
1047 731 1122 777 ipse
1135 732 1280 768 emouit
1299 732 1447 769 sedibus
1461 747 1473 768 τ

31 793 189 828 eamque
217 782 323 816 deam
352 779 405 816 sui
450 780 509 816 dei
540 781 739 824 coniugem
772 782 809 816 in
846 780 963 816 aulam
1000 781 1272 827 imperatoriam
1306 780 1472 818 adduxit.

33 830 137 868 Dein
156 827 260 866 cordi
282 829 350 865 esse
373 841 510 876 negans
529 830 599 865 deo
633 826 848 878 belligeram
881 841 1030 866 vxor-em
1062 840 1174 877 atque
1204 841 1401 868 armatam·
1431 829 1479 866 si-v

31 874 237 916 mulacrum
250 877 412 914 Vraniae
428 879 520 914 iuffit
538 878 678 915 afferri:
708 879 810 925 quod
827 879 966 914 scilieet
981 879 1339 925 Carthaginiensibus
1352 880 1472 916 omni-

30 939 107 976 que
121 928 270 964 Africae
283 928 521 964 incredibilem
534 930 570 963 in
584 930 716 964 modum
730 929 952 968 venerabile,
965 928 1122 975 pofiturn
1134 928 1238 964 fuisse
1248 942 1263 963 a
1282 929 1475 965 Phoenissa

31 977 188 1015 Didone
204 976 391 1018 creditur,
415 989 489 1023 quo
510 988 679 1023 tempore
702 977 888 1024 antiquam
912 978 1177 1024 Carthaginem
1200 977 1348 1014 diffefko
1369 979 1474 1014 corio

30 1025 255 1063 aedificauit.
327 1027 434 1061 Hanc
464 1026 546 1061 Afri
579 1028 750 1061 Vraniam
781 1038 941 1065 vocant,
975 1026 1180 1062 Phoenices
1215 1028 1474 1068 Astroarchen,

31 1075 175 1111 Lunam
192 1074 261 1110 effe
282 1073 513 1110 affirmantes.
567 1077 783 1122 Congrue:e
813 1075 924 1122 igitur
947 1075 1074 1111 aiebat
1102 1077 1321 1122 Ajitoninus
1352 1077 1477 1112 matri—

31 1124 204 1161 monium
223 1125 319 1160 Solis
337 1134 375 1159 et
394 1125 532 1159 Lunae.
583 1127 711 1171 ltaque
731 1135 770 1159 et
791 1123 1021 1160 simulacrum
1042 1123 1162 1159 afferri
1185 1125 1299 1166 iuffit,
1336 1138 1376 1164 et
1395 1125 1474 1162 auri

31 1172 211 1222 quicquid
233 1172 270 1208 in
291 1172 432 1219 templo
463 1182 562 1214 erat,
605 1173 874 1219 pecuniamque
901 1176 944 1212 x)
980 1174 1273 1219 quamplurimam
1305 1175 1378 1210 deo
1410 1175 1476 1212 suo

33 1221 134 1260 donis
153 1223 307 1258 nomine
327 1221 401 1257 dari
424 1221 622 1267 praecepit.
674 1221 788 1268 Qud
810 1221 870 1256 vbi
891 1222 1042 1256 allatum
1064 1221 1134 1263 cst,
1178 1235 1219 1257 ac
1249 1234 1368 1270 prope
1398 1225 1479 1260 He-

31 1271 276 1317 laeagabalum
298 1268 565 1312 constitutum,
589 1270 683 1307 iuffit
703 1272 792 1305 vrbe
813 1280 895 1305 tota
916 1272 1094 1315 Italiaque
1122 1270 1234 1307 festos
1263 1271 1356 1308 dies·
1377 1274 1478 1309 cele-

31 1321 191 1368 bresque
209 1329 249 1354 et
269 1317 431 1354 laetitiae
452 1319 607 1364 plenos,
638 1318 785 1364 publice
807 1317 1055 1367 priuatimque
1070 1344 1080 1360 ,
1108 1319 1205 1367 quafi
1236 1320 1308 1357 diis
1328 1323 1478 1358 nuben-

32 1370 156 1408 tibus,
184 1367 327 1417 agitari.
379 1367 481 1403 Fecit
500 1380 538 1404 et
562 1368 602 1404 in
620 1370 827 1406 suburbano
846 1379 937 1403 tem
952 1368 1084 1415 plum
1103 1369 1303 1406 maximum
1325 1383 1366 1406 ac
1385 1384 1420 1407 tn
1434 1384 1476 1406 a-

31 1416 528 1465 gnificentissimum,
568 1418 606 1453 in
627 1417 729 1465 quod
756 1429 855 1453 anno
885 1429 1058 1454 vertente
1090 1417 1201 1454 deum
1228 1419 1331 1456 suum
1352 1420 1476 1457 adulta

30 1467 104 1503 iam
135 1465 266 1502 aestate
285 1465 508 1502 deducebat:
545 1466 719 1513 ludisque
746 1467 1003 1504 curulibus
1031 1480 1068 1503 et
1095 1467 1339 1509 scenicis,
1383 1482 1475 1516 epu-

30 1515 152 1562 lisque
165 1525 203 1552 et
223 1515 427 1563 peruigiliis
453 1517 633 1561 populum
653 1530 670 1550 a
690 1517 724 1552 se
744 1516 916 1551 oblectari
941 1516 1195 1553 arbitrabatur.
1220 1518 1341 1564 Ipsum
1363 1530 1475 1565 porro

32 1564 94 1602 dei
117 1563 342 1600 simulacrum
363 1563 577 1610 impositum
597 1565 770 1601 vehiculo
789 1567 833 1612 y)
863 1566 963 1612 quod
999 1565 1086 1601 esset
1115 1578 1203 1602 auro
1236 1567 1476 1617 pretiosisque

31 1613 217 1660 lapidibus
237 1625 476 1655 exornatum,
505 1614 712 1651 deducebat
732 1627 776 1650 ex
799 1615 888 1651 vrbe
915 1615 953 1650 in
982 1613 1252 1651 suburbanum:
1290 1618 1476 1654 trahenti·

30 1664 102 1700 bus
121 1663 225 1712 equis
243 1661 446 1710 seiugibus,
473 1664 679 1700 emaculato
701 1665 863 1700 candore
892 1676 933 1698 ac
962 1664 1218 1712 magnitudine
1248 1666 1477 1711 praecellen-

1497 1032 1544 1058 10

1497 1083 1542 1108 11

1498 1132 1543 1157 122

1499 1377 1542 1416 ¹3

1500 1480 1543 1514 14

1499 1527 1545 1562 ις

1498 1619 1547 1653 16

31 1713 156 1753 tibus,
182 1716 350 1758 auroque
369 1711 488 1747 multo
510 1724 548 1749 et
570 1714 801 1759 phalerarum
823 1713 999 1749 varietate
1020 1712 1316 1761 conspiciendis:
1351 1728 1394 1751 ac
1421 1726 1478 1753 te-
1511 1726 1518 1735 “

32 1761 139 1797 nebat
159 1761 322 1797 habenas.
371 1772 496 1808 neque
516 1761 615 1797 enim
638 1761 843 1810 quisquam·
864 1762 1075 1799 mortalium
1104 1775 1188 1799 eum
1219 1765 1258 1809 z)
1285 1763 1479 1801 inscende-

32 1819 89 1847 rat
108 1822 274 1851 currum,
301 1808 361 1845 sed
380 1809 660 1847 circumstabant
680 1824 811 1847 omnes
833 1810 932 1858 quasi
960 1811 1187 1860 aurigantem
1216 1816 1352 1851 deum„
1397 1816 1477 1851 An·

33 1859 193 1896 toninus
211 1871 334 1896 autem
355 1859 532 1896 retrorsus
551 1872 721 1900 currens,
767 1873 808 1895 ac
838 1859 1069 1896 simulacrum
1097 1861 1227 1907 ipsum
1248 1862 1478 1910 adspestans,

39 1919 190 1944 currum
209 1907 466 1950 antecedebat,
492 1908 620 1944 frenos
632 1908 802 1946 manibus
824 1909 1012 1949 retinens:
1042 1920 1240 1956 totumque
1259 1911 1330 1948 iter
1349 1911 1401 1950 ita
1421 1926 1477 1956 re-

32 1957 193 1994 trorsum
221 1967 393 1998 currem,
437 1969 477 1992 ac
511 1958 623 1994 deum
650 1958 795 2005 semper
826 1958 1035 2005 adspectans
1064 1960 1242 1996 confecit.
1320 1962 1399 2004 Ac,
1425 1975 1475 2000 ne

32 2005 183 2042 caderet
204 2006 455 2046 labereturve,
499 2002 649 2054 ignarus
676 2018 751 2052 quo
773 2009 965 2049 tenderet,
1017 2008 1179 2044 aurosam
1208 2009 1477 2048 substrauerant

1500 1806 1575 1861 ιγ’

34 2054 206 2092 harenam
226 2055 441 2101 plurimam:
469 2056 682 2102 militesque
702 2068 788 2091 eum
810 2058 988 2109 vtrinque
1008 2058 1265 2099 retentabant,
1313 2071 1388 2106 quo
1416 2072 1477 2097 tu-
1520 2075 1522 2077 ’

35 2103 109 2139 tius
129 2102 401 2139 retrocederet:
430 2101 659 2140 discurrente
689 2104 801 2140 etiam
831 2116 913 2140 cum
945 2104 1085 2140 tacibus
1113 2107 1288 2153 vtrinque
1319 2109 1474 2156 populo,

34 2164 75 2190 et
91 2164 246 2190 coronas
264 2151 449 2200 floresque
469 2151 640 2190 iaciente.
671 2160 773 2189 ‘tum
804 2152 960 2189 deorum
989 2152 1159 2190 omnium
1182 2153 1392 2200 fimulacra,
1437 2170 1477 2196 et

35 2290 227 2329 Romanae
259 2287 388 2348 Vestae
432 2286 470 2329 in
505 2287 733 2330 sacerdotale
784 2289 967 2337 molliret,
995 2294 1031 2331 id
1057 2293 1121 2332 sibi
1148 2296 1337 2341 accidisse,
1373 2301 1480 2348 quod

34 2351 174 2378 munus
193 2342 332 2379 adrisere
350 2353 449 2383 erat,
482 2352 520 2378 et
547 2356 655 2391 quam
685 2343 734 2379 sa·
782 2343 862 2379 aliis
886 2344 1098 2381 hominibus
1116 2344 1222 2383 solet.
1249 2347 1349 2384 illius
1376 2349 1481 2387 enim

35 2401 120 2428 crae
147 2392 248 2438 leges
273 2391 473 2428 castitatem
500 2393 643 2433 colere,
681 2402 733 2428 at.

35 2452 112 2488 que
130 2438 173 2474 ad
192 2438 305 2476 finem
326 2453 442 2488 vsque
462 2440 560 2476 vitae
582 2444 732 2478 manere

35 2487 220 2536 virginem
238 2489 390 2525 iubent:
417 2491 603 2537 abreptam
624 2492 729 2526 eVe·

35 2537 107 2573 stae
127 2538 268 2585 templo
291 2549 329 2574 et
347 2537 447 2576 sacro
469 2540 653 2588 virginum
665 2540 734 2577 do—

34 2586 180 2624 micilio
193 2612 203 2629 ‚
227 2588 266 2623 in
285 2599 436 2624 vxorem
455 2590 618 2636 accepit:
646 2588 733 2624 scri-

34 2635 107 2683 psit
124 2647 198 2682 que
221 2637 265 2672 ad
293 2636 486 2678 senatum,
516 2648 557 2674 vt
585 2648 732 2674 tantum

34 2683 215 2733 flagitium
225 2685 484 2735 piaculumque
496 2686 731 2726 excusatione

781 2394 931 2440 puellae
971 2405 1094 2430 amore
1123 2406 1273 2443 captum
1291 2397 1327 2434 se
1357 2397 1479 2436 fuisse.

783 2442 930 2478 Caeter.
959 2443 1078 2492 Steph.

830 2495 875 2534 x)
900 2493 1096 2539 grandem,
1124 2495 1264 2533 Memm.

817 2542 862 2587 y)
891 2553 979 2577 auro
1006 2552 1080 2589 que
1114 2555 1156 2579 ac
1187 2544 1371 2593 lapidibus
1396 2559 1478 2594 pre-

783 2588 975 2626 rioiiffimis
994 2591 1216 2640 variegatum
1231 2618 1241 2634 ‚
1267 2595 1334 2631 Gr.
1351 2596 1450 2644 Sylb.

828 2642 868 2684 z)
894 2638 1152 2685 inscendebar,
1178 2644 1315 2682 Memm-
