1707 3029
232 173 247 189 ·
276 116 365 159 DE
406 114 836 185 EDITIONIBYS
873 112 1261 158 HERODIANI.
1379 124 1473 169 559

58 236 112 276 de
133 250 247 276 nouo
266 236 567 291 propemodum
598 235 819 290 scripsisse,
861 234 1063 276 dicendus
1093 234 1154 273 fit.
1217 233 1354 287 Quam
1382 231 1470 270 lau-

57 293 122 333 dis
151 304 334 348 partem,
382 293 500 333 ficuti
528 308 652 332 nemo
685 293 765 341 est,
817 293 890 348 qui
930 291 1256 332 POLITIANO
1301 289 1468 328 demere

56 351 183 398 aufit3
224 352 281 389 ita
313 352 455 405 negari
489 365 511 390 e
543 352 748 390 contrario
769 350 880 389 haud
901 349 1057 404 potest,
1090 349 1225 388 virum
1248 357 1468 401 quantum·
1520 374 1529 378 -

55 409 121 447 vis
142 408 299 447 Graece
314 408 612 453 doctissimum,
645 407 925 462 compluribus
946 407 1049 446 locis
1070 406 1286 444 hominem
1308 403 1349 443 se
1365 434 1375 450 ‚
1409 418 1468 442 er·

54 464 218 504 roribus
239 464 497 511 obnoxium,
529 464 760 503 ostendiffe.
804 466 944 518 Atque
964 463 1006 502 id
1037 465 1119 502 iam
1155 462 1314 517 pridem
1352 461 1470 499 Hen-

54 521 166 560 1icus
187 522 434 575 'Stephanus
463 522 505 559 in
535 521 609 560 suo
639 523 830 560 examine
876 520 1236 575 Interpretationis
1266 517 1469 557 Politiani

50 577 405 618 'commonstrauin
466 579 619 633 Neque
646 578 735 632 ipse
766 579 998 618 Politianus
1027 589 1110 617 tam
1140 578 1308 630 ineptus
1330 589 1467 613 rerum

56 635 220 674 suarum
243 634 474 675 aestimator
498 638 578 674 fuit
593 666 603 683 ‚
641 646 686 675 vt
705 637 840 674 omnis
861 636 1010 675 erroris
1031 645 1244 688 expertem
1314 655 1352 690 p.
1382 649 1468 686 15:70

55 692 98 731 se
124 693 345 748 putauerit.
441 692 632 732 Testatur
658 692 828 746 epistola
854 693 904 732 ad
924 692 1132 731 Andream
1154 692 1249 730 Ma-

56 751 299 805 gnanimum
329 749 500 804 scripta,
548 750 629 789 hoc
656 751 730 788 fibi
761 765 910 789 munus
941 748 1244 803 interpretandi
1265 745 1471 786 Herodia-

56 822 158 846 num
180 807 352 846 leuioris
373 807 484 861 quasi
507 822 660 861 operae
681 806 820 853 fuisse,
847 817 992 861 vtpote
1022 807 1094 860 qui
1114 803 1302 860 pauculis
1323 803 1471 842 diebus

56 864 281 903 dictauerit
302 864 353 903 fic
372 864 655 904 deambulans.
717 865 836 918 Quae
859 879 952 903 cum
975 864 1032 902 ita
1055 864 1146 909 lint,
1180 861 1282 916 quid
1303 861 1470 907 mirum,

55 922 86 960 fi
103 922 440 975 interpretationi
460 921 557 961 suae
582 921 766 961 habenas
795 922 851 960 ita
883 921 1041 960 laxauit
1061 920 1332 973 PolitianuS,v
1360 928 1406 957 vt
1426 918 1471 974 in

55 978 190 1018 larino
224 979 315 1017 eius
347 978 537 1017 sermone
580 979 783 1017 Graecum
821 978 1054 1017 Herodiani
1085 976 1307 1031 agnoscere
1341 974 1371 1012 ii
1403 973 1471 1012 de-

55 1051 168 1074 mum
189 1037 339 1089 p0ssint
354 1065 364 1082 ‚
410 1037 483 1088 qui
505 1050 700 1089 magnum
720 1037 762 1074 in
788 1036 944 1074 Graeca
967 1034 1111 1086 lingua
1132 1031 1386 1088 progreffum
1409 1031 1473 1068 fe·

57 1104 231 1139 cerunt,
273 1104 396 1145 atque
417 1092 520 1131 adeo
547 1093 744 1131 versionis
766 1091 945 1130 fubfidio
965 1091 1089 1130 facile
1112 1104 1248 1129 carere
1271 1086 1472 1144 possunt?

59 1144 175 1203 Quid
196 1150 360 1198 mirum,
390 1149 419 1187 fi
440 1149 688 1203 quibusdam
707 1151 750 1188 in
770 1149 872 1188 locis
891 1147 1055 1187 sensum
1076 1147 1201 1200 plane
1220 1146 1475 1186 contrarium

55 1206 240 1245 reddidit
260 1205 495 1260 interpres?
530 1207 620 1245 Imo
648 1206 748 1260 quid
771 1207 938 1250 mirum,
971 1205 1001 1243 fi
1022 1204 1237 1243 festinanti
1258 1202 1473 1242 Politiano

56 1264 184 1316 longe
222 1263 401 1316 plurima
441 1263 713 1310 exciderunt,
766 1277 874 1316 quae
913 1261 1024 1315 apud
1057 1261 1346 1300 Herodianum
1385 1273 1472 1297 non

55 1321 177 1374 parui
199 1320 295 1358 funt
315 1319 550 1359 momenti?
601 1321 744 1373 Vsque
776 1335 826 1359 eo
851 1330 991 1358 tamen
1013 1319 1102 1359 Viri
1123 1318 1251 1357 huius
1274 1317 1474 1356 autoritas

57 1389 181 1430 atque
201 1377 415 1432 [iugulatis
447 1377 591 1429 opinio
624 1376 851 1416 nonnullos
890 1376 1111 1430 perduxit,
1151 1386 1196 1415 vt
1219 1375 1309 1414 eius
1333 1387 1472 1427 neque

57 1444 190 1474 errata
211 1434 541 1487 animaduertere
557 1464 566 1480 ,
599 1449 738 1488 neque
760 1433 930 1473 lacunas
953 1433 1124 1487 explere
1147 1432 1382 1479 voluerint,
1415 1429 1473 1469 sa·

55 1493 140 1532 tius
176 1490 481 1538 existimantes,
529 1491 676 1530 mutila
709 1491 944 1545 apposuisse
971 1491 1062 1530 orbi
1091 1490 1298 1536 hominis,
1350 1502 1478 1542 quem>

55 1550 213 1588 summe
233 1558 510 1595 venerantur,
548 1563 673 1602 opera
690 1578 700 1595 ,
741 1563 864 1602 quam
886 1548 1121 1587 adiectione
1142 1549 1267 1587 vnius
1288 1546 1476 1585 alterius·

56 1621 138 1661 que
171 1606 360 1653 verbuli,
399 1605 473 1644 seu
502 1605 716 1645 litterulae
750 1606 1065 1652 immutatione,
1106 1605 1356 1660 religionem
1385 1602 1475 1642 vio·

53 1663 168 1704 laffe.
351 1667 354 1669 ’

169 1722 283 1768 Nota
304 1719 360 1760 est
388 1721 582 1760 omnibus
605 1721 748 1772 Editio
777 1721 1036 1767 Herodiani‚
1083 1735 1191 1775 quae
1220 1735 1312 1759 cum
1342 1720 1475 1758 Inter-

54 1780 292 1834 pretatione
315 1778 465 1832 Angeli
485 1778 714 1825 Pontiani,
746 1779 958 1832 Notisque
986 1788 1026 1817 et
1046 1775 1475 1816 animaduersionibus

55 1837 132 1876 IO.
157 1836 413 1874 HENIUCI
432 1836 760 1884 BOECLERI,
793 1846 838 1874 vt
859 1846 900 1874 et
923 1836 1081 1875 Graeco
1103 1835 1242 1874 indice
1261 1831 1476 1874 Balthasa-

55 1895 113 1932 ris
143 1892 354 1938 Scheidii,
403 1893 671 1946 Argentorati
721 1897 840 1943 1694.
873 1894 993 1930 tertia
1026 1893 1105 1930 iam
1136 1893 1229 1935 ,vice
1262 1891 1306 1928 in
1337 1890 1475 1928 lucem

55 1949 226 2004 prodiit.
288 1950 392 1987 Vtvt
411 1948 721 2001 praeclarissima
743 1949 934 1987 Boecleri
956 1950 998 1986 in
1020 1964 1107 1987 rem
1128 1947 1372 1986 litterariam
1394 1960 1477 1984 me-

58 2008 136 2046 rita
162 2016 303 2044 extare
319 2034 328 2052 ,
374 2019 496 2058 quam
521 2004 797 2043 lubentissime
821 2006 977 2050 fatear3
1026 2004 1131 2043 illud
1150 2015 1290 2043 tamen
1316 2002 1387 2041 abs
1408 2016 1476 2041 me

59 2065 282 2115 impetrare
313 2062 388 2100 vix
422 2060 583 2113 poffum
600 2091 608 2106 ,
653 2072 697 2099 vt
717 2061 905 2109 credam,
947 2073 1137 2101 accurato
1158 2061 1254 2100 satis
1278 2060 1479 2114 fidelique

57 2119 192 2159 studio
215 2134 306 2157 eum
328 2118 370 2156 in
395 2117 557 2157 edendo
589 2119 832 2156 Herodiano
859 2118 1063 2157 versatum
1095 2117 1189 2157 effe.
1278 2117 1477 2156 Eruditas

59 2176 228 2230 quidem
252 2177 342 2214 eius
377 2185 503 2229 atque
539 2174 658 2214 vtiles
690 2175 1012 2222 annotationes,
1059 2190 1160 2229 quas
1191 2176 1235 2214 in
1268 2174 1350 2214 fine
1377 2174 1476 2213 libri

57 2234 237 2280 adiecit,
266 2247 388 2271 nemo
411 2247 495 2271 non
518 2232 724 2283 agnoscit,
757 2232 914 2286 quippe
937 2229 987 2270 ad
1007 2231 1244 2271 illustranda
1265 2246 1311 2271 ea
1326 2260 1336 2277 ‚
1369 2245 1477 2286 quae

0 2294 4 2298 ’
59 2290 297 2330 obscuriora
319 2289 453 2328 videri
476 2289 638 2343 pollent
653 2319 664 2335 ‚
701 2289 877 2327 multum
897 2288 1003 2328 lucis
1027 2289 1263 2329 afferentes.
1322 2290 1477 2343 Neque

58 2348 103 2387 id
130 2348 340 2402 vituperio
372 2346 542 2401 dignum
575 2346 738 2392 iudico,
795 2345 909 2399 quod
940 2347 1331 2400 interpretationem
1363 2345 1478 2386 Poli-

58 2406 164 2444 tiani
182 2405 423 2459 ⁴genuinam
457 2414 498 2443 et
523 2404 838 2458 primigeniam,
890 2417 967 2443 nec
996 2403 1214 2457 superfluis
1234 2403 1478 2458 Philologu-

58 2477 151 2501 rum
186 2461 583 2515 interpolationibus
614 2462 937 2501 contaminatam
965 2460 1189 2501 Boeclerus
1221 2461 1478 2502 exhibuerit.

60 2520 158 2559 Hoc
177 2532 314 2558 tamen
338 2533 422 2558 non
445 2533 577 2571 aeque
599 2518 859 2572 probandum
891 2519 1122 2572 putauerim
1139 2549 1151 2566 ‚
1205 2518 1318 2573 quod
1345 2519 1476 2558 nimia

61 2575 302 2630 interpretis
325 2575 473 2614 fiducia
498 2577 652 2623 fretus,
695 2590 741 2614 ea
773 2576 862 2614 fere
893 2574 1103 2630 neglexit,
1145 2591 1250 2631 quae
1320 2598 1358 2632 P,
1388 2591 1478 2629 158,

62 2632 113 2671 ad
142 2633 425 2687 integritatem
463 2633 654 2672 Verfioni
692 2643 755 2673 tot
787 2632 890 2672 locis
921 2632 1092 2672 mutilae
1121 2633 1257 2672 conci·

63 2689 247 2730 liandam
273 2691 412 2729 facere
441 2701 648 2744 poterant.
744 2690 902 2746 Quodsi
922 2689 1119 2745 religioni
1140 2691 1308 2731 (luxerit
1331 2689 1479 2731 editio-
