1707 3140
539 101 1020 155 ¹LIBERII.
1451 120 1516 165 45

757 221 844 257 XV.

83 281 312 351 Caeterum
342 283 522 331 prouidus
553 285 669 323 homo
696 299 737 322 ac
757 286 897 323 sobrius
921 284 1103 323 nonnulla
1132 284 1339 334 suspicione
1367 285 1523 322 teneba-

173 345 234 372 tur
263 334 309 371 de
330 334 550 372 Britannicis
578 335 820 377 exercitibus,
848 335 1015 372 maximis
1039 336 1218 372 videlicet
1237 334 1523 384 pugnacissimis-

81 395 179 431 que,
216 383 347 432 quibus
379 395 543 431 praeerat
570 384 747 422 vniuerlis
777 385 956 426 Albinus,
995 385 1169 422 senatorii
1208 384 1429 431 patriciique
1457 396 1519 433 ge·
1540 401 1561 426 2

80 433 183 470 neris
216 434 293 476 vir,
327 432 478 470 summis
508 433 643 479 opibus
667 445 708 470 ac
735 434 880 470 deliciis
912 434 1126 472 innutritus,
1181 435 1295 470 Hunc
1326 431 1387 469 fibi
1409 433 1520 482 igitur
1539 448 1560 486 3

81 483 239 520 Seuerus
258 482 332 519 astu
356 493 458 518 ratus
490 483 782 531 adiungendum,
811 496 861 519 ne
887 481 1029 520 scilicet
1046 481 1211 524 diuitiis,
1246 495 1396 531 genere,
1419 490 1519 519 exer-

79 530 226 574 citibus,
252 533 426 580 famaque
445 532 624 574 nominis,
653 534 795 582 magnis
820 534 863 569 ad
884 531 1222 579 concupiscendum
1246 532 1445 580 imperium
1465 530 1523 568 fa-

79 581 196 620 cibus,
223 580 427 622 irnh'nc'kus,
453 580 629 618 summam
645 582 707 618 fibi
729 594 852 619 rerum
871 581 1048 630 posceret,
1070 582 1300 630 Romamque
1317 580 1413 617 haud
1432 590 1522 629 prp-

82 630 144 666 cul
167 643 185 666 a
210 629 398 667 Britannia
430 631 637 672 distantem,
661 631 698 668 se
724 632 830 668 bellis
854 625 1096 668 orienialibus
1124 630 1332 680 implicito,
1360 641 1520 678 occupa-

78 691 159 716 ret:
188 679 312 717 statuit
331 691 415 716 eum
437 679 558 727 specie
590 683 747 728 quadam
769 678 924 717 honoris
942 679 1121 716 inescare:
1145 681 1270 718 leuem
1289 680 1458 728 alioquin
1481 688 1521 715 et
1540 680 1563 718 4

78 728 302 776 simplicem,
345 739 436 764 tunc
465 741 552 764 vero
590 730 703 767 etiarn
732 730 871 767 iuranti
900 732 1012 766 multa
1041 743 1106 778 per
1136 731 1263 767 literas
1292 729 1520 766 credentem.
1552 776 1556 779 ὓ

82 779 210 820 Quare
231 791 317 814 eum
335 778 522 814 Caesarem
553 787 754 826 appellanS,
779 779 880 826 spem
903 778 1222 828 cupiditatemque
1240 779 1406 816 hominis
1425 777 1521 815 anti·
1543 782 1562 815 5

79 829 179 875 cipat
199 827 377 873 potestate
401 828 666 874 participanda.
716 830 842 865 Mittit
860 829 951 865 item
980 830 1105 876 plenas
1121 827 1362 866 humanitatis
1381 827 1518 869 literas,
1539 824 1561 857 6

79 877 284 918 obsecrans,
307 887 348 912 vt
373 876 450 922 ipse
478 879 754 926 (potiffimurn)
782 890 905 914 curam
935 877 1107 924 suscipiar
1139 876 1306 926 imperii}
1332 889 1424 925 opus
1449 875 1519 913 esse
1539 880 1562 913 7

77 927 158 964 viro
190 927 315 973 aliquo
335 925 478 966 nobili,
505 940 543 963 et
564 928 694 964 aetatis
723 929 911 977 integrae,
939 928 1055 974 qualis
1077 928 1279 975 ilieforet:
1305 927 1341 964 se
1368 927 1438 962 iarn
1467 926 1519 962 se-

77 990 181 1016 nem,
209 976 417 1022 morboque
438 976 618 1012 articulari
644 976 826 1023 affectum,
856 989 974 1017 nat05,
1000 979 1121 1014 adnue
1140 977 1315 1013 infantes,
1368 976 1517 1021 Quibus
1539 975 1560 1012 8

77 1024 227 1062 creditis
252 1025 410 1061 Albinus
433 1025 618 1061 honorem
643 1028 805 1063 libenter
824 1026 995 1073 suscepit,
1020 1027 1136 1062 laetus
1157 1028 1248 1064 citra
1269 1037 1430 1073 pugnam
1455 1036 1518 1062 aut

78 1074 275 1111 discrimen
298 1073 414 1109 vllum
435 1085 652 1121 compotem
675 1076 707 1112 se
729 1075 806 1112 voti
829 1075 976 1112 factum.
1029 1077 1223 1112 Caeterum
1244 1078 1403 1112 Seuerus
1426 1075 1518 1122 (quo
1539 1074 1561 1113 9

77 1125 203 1160 omnia
221 1122 457 1159 credibiliora
475 1122 629 1167 forent)
656 1123 788 1160 iisdem
822 1125 892 1160 illis
918 1127 962 1160 ad
981 1124 1145 1160 senatum
1176 1125 1313 1167 relatis,
1338 1123 1519 1160 nummis-

79 1186 155 1222 que
180 1173 341 1220 imagine
368 1172 448 1207 eius
467 1173 608 1218 percuti
637 1174 754 1214 iustis,
781 1172 982 1220 statuisque
1001 1174 1152 1216 ereffis,
1177 1173 1279 1210 simul
1306 1173 1385 1209 aliis
1403 1173 1519 1208 colla·

79 1224 128 1261 tis
151 1220 376 1259 honoribus.
403 1219 515 1256 fidem
543 1223 679 1268 gratiae
709 1222 792 1258 suae
822 1222 924 1258 fecit.
976 1223 1010 1268 e)
1031 1223 1140 1264 Quae
1164 1224 1351 1271 postquam
1373 1222 1518 1267 sapien·
1542 1226 1588 1252 10

78 1284 137 1309 ter
166 1272 210 1307 ab
240 1269 306 1305 illo
324 1268 494 1318 aduersus
514 1271 684 1307 Albinum
714 1271 858 1318 prouisa
883 1270 996 1312 sunt,
1022 1271 1127 1307 nullo
1149 1273 1218 1307 iam
1250 1285 1294 1309 ex
1328 1271 1516 1315 Britannia

75 1319 324 1368 impendente
354 1331 478 1359 metu,
511 1320 680 1357 collectis
710 1321 749 1357 in
779 1334 891 1356 vnum
919 1320 1014 1356 circa
1044 1321 1080 1357 se
1103 1319 1258 1370 Illyricis
1281 1321 1518 1362 exercitibus,

67 1370 121 1418 f)
148 1368 378 1416 reliquisque
406 1370 515 1406 rebus
547 1383 591 1406 ex
619 1370 681 1406 vsu
708 1369 951 1415 comparatis,
995 1369 1121 1416 copias
1152 1370 1325 1407 aduersus
1356 1370 1516 1419 Nigrum

75 1419 237 1457 educere
256 1417 400 1456 institit.
449 1418 566 1466 Igitur
584 1421 719 1466 quibus
739 1419 832 1456 locis
862 1419 997 1455 itinere
1019 1420 1086 1455 illo
1107 1430 1310 1457 remoratus
1332 1419 1394 1462 lit,
1422 1431 1516 1466 quae
1541 1426 1582 1451 Π

74 1468 175 1517 apud
202 1478 389 1516 quamque
412 1467 607 1505 ciuitatem
633 1469 744 1505 verba
776 1467 933 1510 fecerit,
962 1481 1054 1515 quae
1082 1468 1178 1517 signa
1207 1469 1389 1506 diuinitus
1408 1477 1519 1515 'appa-

74 1517 238 1559 ruerint‚
261 1517 434 1565 regiones
455 1517 546 1553 item
573 1529 799 1566 peragratas,
827 1516 1095 1566 conflictusque
1123 1531 1160 1555 et
1191 1520 1370 1567 vtrinque
1396 1518 1517 1554 caeso.

74 1580 156 1605 rum
177 1577 396 1606 numerum,
419 1577 502 1602 cum
525 1567 692 1613 plerique
714 1568 887 1604 historiae
905 1579 1074 1609 autores,
1101 1575 1182 1604 tum
1205 1569 1362 1606 maxime
1380 1574 1518 1615 poetae

72 1616 235 1653 versibus
258 1613 327 1651 suis
347 1616 532 1652 vberrime
559 1616 644 1653 sunt
670 1616 861 1665 exequuti,
889 1617 1076 1652 materiam
1101 1619 1218 1655 totius
1237 1619 1375 1663 operis3
1399 1616 1515 1664 ipsam

74 1666 239 1714 denique
265 1665 393 1703 Seueri
416 1665 529 1701 vitam
566 1666 785 1715 deligentes.
846 1666 943 1703 Mihi
972 1677 1095 1702 autem
1127 1667 1355 1714 propositum
1383 1668 1434 1702 est
1464 1667 1515 1702 se·
1540 1669 1583 1701 12

73 1714 267 1764 ptuaginta
288 1724 470 1750 annorum
496 1724 554 1750 res
573 1728 662 1763 quas
688 1717 841 1752 habeam
871 1715 1136 1764 cognitillimas
1161 1715 1226 1753 sub
1245 1715 1396 1753 diuersis
1413 1725 1518 1763 prm-

73 1765 219 1812 cipibus
249 1763 385 1812 gestas,
411 1763 451 1799 in
478 1776 596 1801 vnum
625 1777 759 1811 corpus
786 1765 1094 1813 comprehensas,
1120 1766 1311 1803 literarum
1340 1766 1517 1803 mandare

70 1812 340 1851 monumentis.
393 1813 578 1859 roirca
603 1813 904 1852 excellentiffima
926 1822 963 1850 et
985 1814 1180 1862 praecipua
1200 1825 1368 1863 quaeque
1389 1828 1513 1852 rerum
1538 1822 1580 1860 13

72 1876 92 1900 a
110 1864 249 1900 Seuero
279 1862 479 1910 gestarum,
508 1865 684 1911 deinceps
713 1863 997 1912 persequemur:
1023 1876 1146 1910 neque
1177 1865 1222 1901 ad
1244 1868 1395 1913 gratiam
1425 1877 1514 1901 vero

70 1912 266 1961 quippiam
287 1910 525 1960 affingentes,
549 1915 671 1961 (quod
694 1913 820 1949 fecisse
840 1914 1009 1949 videmus
1029 1913 1175 1960 qui‘illa
1195 1924 1314 1950 aetate
1333 1914 1517 1961 scriptita-

67 1963 174 2008 runt)
203 1972 324 2007 neque
345 1961 500 1997 tacitum
522 1974 812 2008 praetereuntes,
837 1962 862 1999 fi
882 1963 973 2012 quid
997 1963 1113 1999 modo
1140 1963 1338 2001 mentione
1357 1963 1514 2013 dignum
1537 1972 1582 2008 14

68 2011 320 2058 memoriaque
347 2009 545 2047 videbitur.
851 2026 854 2028 ’

113 2127 147 2173 e)
176 2125 249 2162 Vbi
270 2134 396 2162 autem
424 2125 504 2162 eius
533 2125 678 2162 solertia
706 2139 765 2164 res
850 2127 906 2176 f)
926 2139 1042 2176 quum
1062 2128 1186 2164 omnia
1208 2121 1258 2166 ita
1285 2124 1363 2178 geri
1392 2127 1516 2170 existi·-

66 2175 238 2213 aduersus
266 2174 448 2212 Albinum
474 2177 514 2211 in
542 2186 624 2231 tuto
645 2176 766 2211 collo·
815 2188 956 2218 maret,
987 2189 1028 2213 vt
1055 2177 1123 2214 suo
1155 2178 1313 2225 imperio
1341 2182 1516 2231 expedie-

65 2236 172 2324 §3212
192 2223 362 2267 fuerunt,
403 2224 510 2262 nullo
541 2237 612 2263 lam
641 2238 686 2262 ex
707 2228 764 2262 Br.
815 2226 892 2268 bat,
910 2238 995 2276 cop.
1021 2227 1103 2266 adv.
1119 2228 1168 2266 N.
1192 2228 1313 2279 Steph-
