1707 3029
172 126 270 173 118
353 104 869 175 HEROD'IANI
942 109 1439 176 1-11s‘ToR1A-r:

134 234 153 271 3
168 235 210 271 ab
231 233 313 280 ipsis
333 236 506 272 Numidia
527 239 746 286 appellatur.
792 239 838 274 Ea
859 239 1122 288 genssmunita
1151 240 1374 278 exercitibus
1402 239 1547 281 fuerat,
1563 250 1604 282 „a

133 283 302 331 4quibus
331 285 561 322 barbarorum
591 287 754 324 incursus
783 300 823 323 ac
853 287 1115 335 populationes
1154 295 1423 326 coercerentur.
1491 292 1606 337 quare

134 331 266 368 Shaud
296 337 603 371 contemnendam
634 337 792 372 miltium
824 349 971 373 manum
999 337 1092 373 circa
1123 337 1354 375 se-habebat.
1415 338 1511 374 Cum
1532 338 1607 379 hoc
1647 382 1652 385 η

172 381 287 427 igitur
316 383 530 426 Capelliano
559 396 700 420 veteres
731 385 927 431 Gordiano
965 385 1163 424 fimultates
1198 400 1242 424 ex
1272 385 1408 424 forensi
1449 387 1606 434 quadam
1630 407 1639 410 -

136 425 157 467 6,
173 429 441 476 disseptatione
453 432 743 470 intercesserant:
771 435 941 480 quocirca
954 448 1090 472 nomen
1104 437 1259 482 adeptus
1270 435 1513 482 imperatoris,
1526 431 1606 476 sussc÷

137 480 160 514 7
175 478 350 515 cessorem
371 478 424 515 illi
449 481 565 524 misit,
588 494 698 527 atque
719 482 909 520 abscedere
931 484 1123 531 prouincia
1144 483 1352 531 imperauit.
1402 483 1469 520 llle
1498 495 1538 518 ea
1566 494 1608 519 re

175 525 388 576 indignatus
405 555 415 570 ,
438 542 477 565 ac
494 531 653 577 principi
686 531 750 566 suo
781 532 819 571 h)
844 531 1023 575 deuotus,
1048 546 1067 569 a
1090 545 1166 581 quo
1190 532 1606 582 magistratumquoque

174 589 259 611 eum
281 577 492 623 accepiffet‚
522 580 623 614 omni
646 580 770 615 coacto
793 582 981 624 exercitu,
1006 594 1122 628 quum
1145 582 1298 630 quidem
1319 580 1427 618 fidem
1446 580 1542 617 tueri
1568 581 1612 615 ac

174 623 429 662 iusiurandum
453 627 695 673 persuasisset,
719 630 977 678 Carthaginem
997 631 1218 672 contendit,
1244 631 1417 667 maximas
1435 627 1611 666 valentis-

174 673 353 722 {imasque
373 677 497 721 copias
517 678 636 712 secum
659 677 862 718 adducens,
891 680 1066 727 virosque
1087 692 1169 716 cum
1190 690 1308 716 aetate
1319 680 1509 724 florentes,
1528 680 1610 714 tun‘x

176 723 281 759 omni
304 735 487 760 armorum
511 738 642 772 genere
665 726 876 769 instruttos,
901 727 1113 774 peritosque
1143 728 1197 764 rei
1219 728 1410 770 militaris,
1435 729 1546 773 atque
1566 725 1614 778 ex*

178 769 446 808 consuetudine
466 774 685 819 praeliorum
698 776 869 812 aduersus
887 778 1055 814 barbaros
1067 789 1289 824 magnopere
1306 779 1349 814 ad
1371 775 1616 824 pugnandum

140 817 160 852 8
178 833 335 867 paratos.
391 824 440 858 Vt
459 835 547 858 vero
570 823 781 862 nuntiatum
801 826 994 861 Gordiano
1016 826 1064 861 est
1085 828 1281 862 aduentare
1310 826 1353 861 ad
1384 829 1511 862 vrbem
1546 825 1616 872 Ca-

177 870 401 916 pellianum,
430 883 467 906 et
486 871 561 917 ipse
583 871 727 909 affectus
748 874 797 909 est
819 884 979 910 extrema
1000 874 1224 917 formidine,
1253 886 1290 911 et
1313 872 1497 922 perterriti
1520 874 1614 915 Cat·-

177 918 412 965 thaginenses
435 921 610 962 vniuersi,
640 922 702 969 qui
724 922 862 959 scilicet
882 923 920 959 in
942 925 1044 960 turba
1062 922 1206 970 potius,
1235 936 1344 971 quam
1364 923 1403 960 in
1430 918 1615 967 exerci-

177 977 228 1002 tu
244 980 258 999 s
281 968 403 1014 aliquo
426 969 556 1005 ordine
577 972 752 1008 collocata
774 971 949 1008 vistoriae
967 973 1049 1019 spe,
1078 972 1198 1008 cuncti
1225 973 1362 1019 paritet
1386 972 1475 1008 vrbe
1494 968 1618 1007 effun-'

136 1017 160 1052 9
179 1016 318 1052 duntur
338 1016 483 1053 obuiam
504 1019 732 1065 Capelliano.
784 1022 977 1057 Caeterum
999 1021 1106 1056 senex
1134 1021 1348 1057 Gordianus
1379 1023 1435 1067 (vt
1465 1018 1617 1067 quidam

178 1065 391 1112 perhibent)
431 1065 646 1114 simulatque
674 1070 737 1105 ille
771 1070 1031 1113 Carthaginem
1058 1070 1205 1117 attigit,
1266 1067 1464 1117 desperatis
1493 1069 1618 1109 rebus,

180 1115 279 1158 quod
303 1114 509 1152 Maximino
529 1116 624 1163 vires
642 1117 835 1161 ingentes,
864 1113 982 1154 nullas
1003 1119 1043 1154 in
1063 1119 1190 1154 Africa
1213 1119 1341 1166 copias
1362 1117 1433 1154 effe
1451 1117 1617 1156 videbat,

118 1163 163 1188 ¹0
182 1175 269 1208 quae
290 1164 359 1199 illis
381 1165 508 1212 pqffbnt
531 1160 713 1214 resistere]
742 1167 877 1213 laqueo
899 1167 933 1212 se
954 1166 1154 1214 suspendit,
1206 1169 1279 1216 Sed
1309 1168 1492 1204 occultata
1519 1165 1622 1209 illius

118 1211 160 1237 Π
180 1223 295 1248 nece.
325 1214 354 1259 i)
382 1212 496 1248 lilium
519 1213 580 1250 libi
601 1215 732 1251 ducem
753 1216 957 1253 multitudo
979 1215 1099 1265 elegit.
1147 1219 1203 1253 ita
1236 1228 1392 1253 ventum
1415 1217 1458 1251 ad
1490 1218 1623 1250 manus

180 1260 241 1295 est.
296 1262 407 1297 Erant
429 1274 552 1298 autem
575 1275 732 1299 numero
753 1264 901 1311 quidem
925 1266 1047 1312 plures
1067 1266 1394 1313 Carthaginenses,
1423 1263 1483 1301 sed
1511 1263 1620 1301 'inor-

183 1308 299 1345 dinati
321 1322 360 1345 ac
379 1322 500 1346 rerum
518 1312 733 1348 bellicarum
757 1312 920 1359 imperiti
935 1337 944 1352 ,
971 1313 1110 1361 quippe
1128 1314 1167 1349 in
1189 1315 1354 1351 aitiffima
1375 1325 1463 1360 pace
1484 1314 1622 1349 educa-

183 1355 235 1399 ti,
259 1358 432 1407 festisque
453 1371 491 1395 et
509 1360 651 1397 deliciis
675 1363 852 1404 emolliti,
880 1362 1046 1409 nudique
1067 1363 1175 1399 armis
1197 1363 1375 1410 omnique
1398 1361 1532 1397 bellico
1565 1360 1627 1407 in-¹

121 1406 164 1432 ¹2
183 1405 398 1444 strumento.
449 1410 543 1446 Nam
566 1413 678 1446 domo
699 1410 859 1458 quisque
881 1411 1080 1459 pugionem
1095 1437 1105 1452 ‚
1132 1424 1195 1448 aut
1208 1412 1392 1453 securem,
1421 1420 1483 1445 aut
1505 1420 1619 1445 vena-

182 1455 307 1492 bulum
323 1481 333 1497 ,
363 1469 425 1494 aut
443 1458 531 1495 item
552 1460 729 1504 praeustas
752 1460 855 1503 sudes
870 1485 880 1502 ,
907 1459 942 1505 k)
972 1472 1012 1496 vt
1029 1460 1184 1508 quisque
1211 1471 1356 1507 poterat
1379 1459 1619 1512 acuminatas.

121 1502 162 1540 13
182 1506 225 1540 ad
246 1504 426 1542 tuendum
446 1519 580 1554 corpus
601 1509 826 1545 extulerant.
878 1509 1018 1545 Contra
1039 1509 1223 1545 Numidae
1237 1532 1248 1549 ‚
1275 1508 1493 1552 iaculatores
1518 1517 1623 1560 opti·-

182 1553 255 1595 rni,
283 1565 396 1602 atque
418 1555 611 1600 equitandi
637 1557 860 1603 peritissimi,
902 1557 949 1594 fic
967 1568 1007 1593 vt
1033 1569 1150 1606 equos
1182 1558 1292 1594 etiam
1324 1556 1493 1593 infrenos
1521 1563 1624 1602 virga

120 1602 163 1635 ¹4
184 1613 327 1639 tantum
362 1616 554 1641 currentes
587 1605 834 1642 moderentur.
883 1606 1066 1655 roirca
1113 1606 1223 1643 facile
1266 1603 1626 1654 Carthaginiensium
1647 1643 1650 1645 ,

184 1650 285 1697 plebs
316 1652 356 1687 in
386 1653 510 1695 fugam
543 1654 652 1690 versa.
700 1654 875 1702 liquidem
921 1655 1018 1693 haud
1046 1655 1208 1692 ferentes
1240 1655 1388 1693 illorum
1424 1652 1625 1701 impetum.

120 1700 162 1733 ¹5
185 1713 315 1738 omnes
335 1701 480 1738 abieftis
498 1703 607 1738 armis
626 1704 828 1740 confertim
849 1704 1080 1753 effugerunt,
1108 1702 1497 1753 trudentesqueinter
1527 1700 1563 1738 se
1585 1710 1625 1737 ee

186 1750 465 1795 proculcantes,
514 1753 637 1787 multo
658 1753 741 1788 sane
765 1754 885 1797 plures
907 1753 968 1798 ἰρίῖ
991 1751 1149 1789 inuicem
1179 1754 1458 1802 affligebantur,
1512 1754 1624 1799 quam
1678 1768 1681 1769 ⁷

124 1790 168 1822 ²⁶
187 1798 433 1836 caedebantur
454 1801 496 1836 ab
519 1801 694 1838 hostibus.
746 1803 816 1838 Hic
837 1815 874 1838 et
892 1800 1070 1838 Gordiani
1091 1800 1189 1838 silius
1208 1803 1342 1839 cecidit
1357 1828 1368 1844 ,
1401 1811 1442 1838 et
1467 1800 1627 1849 quicun-

188 1859 260 1893 que
279 1861 364 1884 eum
386 1849 552 1896 sequuti:
577 1850 624 1886 sic
643 1861 682 1885 vt
706 1863 790 1897 prae
810 1850 1049 1887 multitudine
1070 1850 1116 1886 in
1130 1850 1402 1887 terfestoru
1417 1863 1451 1894 m
1465 1874 1476 1891 ,
1504 1858 1629 1898 neque

190 1898 218 1943 l)
244 1896 400 1936 discerni
421 1898 464 1933 ad
494 1897 536 1933 se
550 1911 572 1945 p
585 1899 657 1935 ult
671 1912 746 1935 ura
761 1913 796 1935 m
821 1900 950 1937 funera
965 1900 1178 1946 potuerint,
1205 1912 1326 1945 neque
1347 1903 1395 1942 m)
1413 1896 1631 1952 adolescen-

129 1945 172 1978 ¹7
193 1944 240 1980 tis
268 1947 303 1982 G
316 1959 366 1981 or
379 1948 400 1982 d
417 1945 456 1982 ia
469 1948 513 1983 ni
537 1950 692 1984 cadauer
716 1948 761 1984 in
774 1961 827 1984 ue
840 1949 914 1984 nir
928 1961 947 1983 e
963 1959 978 1984 t
991 1961 1012 1984 u
1028 1962 1053 1984 r.
1101 1950 1139 1996 n)
1160 1948 1315 1996 'Etenim
1336 1960 1379 1986 ex
1401 1959 1501 1985 tanta
1518 1950 1636 1994 copia}

192 1992 420 2042 fugientium
443 1997 547 2043 pauci
569 1996 747 2034 duntaxat
774 1999 899 2034 vrbem
930 1997 1094 2045 ingressi,
1126 1997 1361 2045 coniefflque
1388 1996 1429 2033 in
1459 1995 1632 2050 latebras!

132 2046 175 2081 18
192 2044 398 2080 euaserant:
427 2046 560 2081 caeteri
581 2045 624 2081 ad
647 2057 771 2092 portas
792 2046 969 2086 conserti,
997 2059 1038 2081 ac
1051 2059 1119 2092 pro
1141 2047 1175 2082 se
1196 2046 1355 2094 quisque
1374 2045 1636 2098 intrareprunr

192 2093 321 2130 vrbem
339 2093 610 2138 festinabundi,
637 2095 681 2131 ab
701 2096 963 2133 iaculatoribus
983 2094 1181 2137 Numidis,
1224 2095 1456 2142 caeterisque
1485 2102 1632 2129 armatis

243 2230 280 2275 h)
308 2232 499 2282 Inte-llige,
543 2246 584 2272 vt
611 2234 747 2273 dicitur
773 2235 890 2272 cliens
984 2237 1032 2282 m)
1061 2234 1219 2272 iunioris
1239 2236 1355 2272 Gord.
1375 2235 1441 2270 Gr.
1464 2233 1560 2289 :sylb-
1623 2267 1639 2290 ‚⁴

201 2289 363 2324 patrono
377 2281 441 2318 suo
455 2286 623 2321 deuotus.
651 2286 890 2333 Legitautem
992 2287 1032 2330 n)
1073 2287 1123 2321 Ex
1155 2283 1385 2332 fugientibus
1412 2292 1535 2324 enim,
1568 2293 1638 2336 qut

201 2329 460 2380 κκᾷωσεωμένσς.
489 2334 613 2378 dequa
626 2333 785 2370 lcflione
797 2336 890 2370 alius
941 2333 1035 2368 clam
1054 2332 1093 2369 in
1123 2332 1383 2381 Carthaginem
1412 2331 1446 2367 se
1474 2330 1637 2367 immile-

201 2387 311 2411 etiam
333 2379 435 2415 locus
456 2380 621 2419 dubitare
645 2395 721 2419 non
742 2383 825 2420 finit
837 2383 892 2421 su-
943 2394 1044 2422 rant,
1076 2393 1114 2418 ct
1150 2382 1263 2416 latere
1301 2391 1525 2428 potuerant,
1569 2391 1637 2427 per

201 2435 275 2470 pra.
312 2426 423 2472 Steph.
943 2442 1060 2467 totam
1090 2431 1240 2470 vrbem,
1286 2439 1379 2475 quae
1408 2428 1558 2464 maxima
1598 2437 1637 2464 et

248 2472 278 2517 i)
304 2473 417 2510 filium
447 2476 525 2514 eius
561 2479 694 2518 ducem
722 2481 893 2519 multitu-
944 2478 1122 2528 populosa
1140 2490 1238 2519 erat,
1271 2477 1439 2525 dispersi,
1485 2475 1587 2525 pauci
1615 2485 1646 2518 es

207 2519 287 2558 dini
305 2525 509 2572 elegerunt.
535 2529 649 2566 Steoly.
946 2526 1069 2564 multis
1089 2526 1293 2563 euaserunt.
1340 2531 1529 2563 atcaetera
1541 2522 1640 2569 mul-¹,

248 2568 285 2616 k.)
316 2572 354 2608 in
373 2585 478 2619 quam
500 2565 653 2623 quinino:
674 2578 795 2616 subito
830 2592 893 2628 po·
945 2576 1093 2618 titudo,
1121 2581 1236 2631 Qum
1266 2575 1309 2611 ad
1334 2586 1456 2623 portas
1479 2572 1637 2620 coarsta-

204 2627 326 2658 tuerat
348 2620 503 2658 formam
530 2637 679 2669 armatas.
725 2630 844 2677 Steph.
945 2635 1068 2665 retur.
1098 2624 1476 2672 vnoquoqucintrare
1498 2633 1640 2662 conan-

253 2669 282 2714 l)
307 2669 453 2719 colligi,
496 2674 631 2710 Mcmm.
946 2685 1007 2717 te,
1032 2686 1051 2709 a
1071 2673 1178 2712 iacul.
1221 2675 1342 2724 Steph.
