1707 3029
207 164 307 210 254
495 123 917 197 TESTI'MoNrA
954 152 1040 198 ET
1076 154 1327 206 Ivmcm

309 273 568 313 ‘Latinorum
590 284 729 314 autem
751 288 875 328 porro
896 274 993 315 sunt
1010 285 1148 318 vetera
1165 304 1177 323 ‚
1214 278 1255 324 1)
1273 274 1346 327 illa
1370 274 1621 330 Capitolini,

203 332 248 374 in
276 330 429 370 Affiino
463 346 496 370 c.
531 344 593 374 12.
613 347 648 370 e.
683 334 732 369 T.
762 347 795 371 1.
818 347 859 385 p.
883 342 978 377 703.
1012 349 1114 384 quae
1143 332 1216 386 qui
1245 333 1483 387 diligentius
1511 332 1619 380 scire

202 390 324 434 velit,
355 388 467 444 legat
495 412 551 419 —
582 389 631 428 de
653 390 841 435 Graecis,
867 389 1157 429 Herodianum
1174 419 1185 437 ‚
1227 392 1294 446 qui
1314 390 1366 429 ad
1377 389 1510 448 fidem
1530 389 1620 445 ple-

200 461 330 502 raque
352 446 542 485 dixerunt
558 476 569 494 ,
600 470 656 476 —
699 446 746 485 it.
768 446 811 484 in
834 447 1085 495 Nlmximinis
1109 447 1272 487 duobus
1296 462 1330 490 c.
1357 452 1431 495 13.'
1444 450 1497 496 Τ
1516 459 1554 491 2.
1575 460 1619 502 p.

201 507 270 552 56.
293 518 336 545 vc
358 503 624 542 Herodianus
650 504 749 542 dicit
775 504 959 543 Graecus
990 503 1195 560 scriptor,
1246 506 1319 559 qui
1342 507 1402 550 ei,
1447 505 1622 555 (Maxi-

199 563 374 614 mino‚)
405 574 597 618 quantum
620 560 834 605 videmus,
883 563 924 607 in
951 561 1093 601 odium
1121 562 1358 602 Alexandri
1387 561 1619 616 plurimum

199 619 336 682 fauit,
378 624 490 672 (quo
512 618 562 657 de
585 620 638 660 cf.
663 617 714 657 ad
732 617 870 661 Nostr,
893 621 934 667 6,
959 635 999 673 9,
1027 629 1089 666 17.
1119 621 1224 659 Exc.
1249 621 1300 658 T.
1325 629 1366 667 3.
1385 635 1426 674 p.
1450 629 1548 671 542.
1576 629 1621 659 et
1680 618 1684 621 ¹

202 678 252 717 ad
274 687 313 724 7,
335 688 375 724 2,
403 688 467 715 20.
498 691 538 728 p.
561 689 655 727 900.
681 675 817 726 Add.)
863 700 921 708 -—
967 678 1014 718 it.
1035 677 1078 715 in
1098 677 1292 716 Maximo
1319 688 1360 717 et
1379 677 1561 716 Balbino
1581 691 1619 719 o.

205 745 269 782 15,
301 750 342 788 p,
370 743 460 786 1³39·
490 734 516 774 i.
550 732 654 772 haec
676 731 800 789 sunt,
851 748 957 788 quae
988 733 1038 773 de
1065 734 1259 773 Maximo
1291 750 1340 773 ex
1369 734 1619 776 Herodiano

201 794 358 834 Graeco
379 790 576 844 scriptore
595 807 750 844 magna
772 808 820 830 ex
841 803 960 847 parte
987 790 1244 846 collegimus.
1284 814 1341 822 —
1405 792 1540 831 Tanta
1562 789 1619 830 est
1679 808 1682 809 ⁷

198 861 338 888 autem
360 848 636 902 historicorum
661 850 769 888 inter
784 847 1089 905 seerrantium
1111 850 1318 904 imperitia
1345 848 1415 888 vel
1445 847 1619 905 usurpa·

199 911 278 954 tio,
323 917 368 946 vt
387 906 503 945 multi
531 905 712 944 eundem
733 907 986 954 Maximum,
1037 920 1160 959 quem
1181 907 1432 961 Pupienum,
1483 904 1620 946 velint

198 965 304 1010 dici,
334 978 463 1017 quum
487 963 745 1003 Herodianus
762 964 872 1004 vitae
888 962 993 1020 suae
1016 975 1249 1016 temporum
1266 961 1452 1020 scriptor
1475 962 1620 1006 Maxi·

197 1036 309 1063 mum
331 1022 464 1067 dicat,
505 1035 582 1060 nos
605 1022 854 1076 Pupienum,
894 1043 953 1051 —
1001 1021 1048 1064 it,
1068 1036 1109 1074 p.
1129 1019 1189 1075 [q.
1210 1036 1264 1059 m.
1279 1021 1330 1059 ὐε
1348 1019 1621 1062 Herodianus

198 1080 317 1119 dicit.
369 1083 486 1132 (quo
520 1078 569 1117 de
602 1089 714 1117 recte
747 1078 925 1120 casaub.
960 1078 1017 1121 N.
1047 1088 1086 1125 3.
1123 1077 1270 1126 „haec
1301 1093 1387 1118 non
1418 1078 1620 1132 leguntur

199 1136 310 1194 apud
323 1135 633 1177 Herodianum:
671 1146 713 1175 et
734 1136 972 1179 Herodiani
991 1150 1077 1175 non
1098 1134 1180 1176 effe
1200 1135 1325 1180 ausim
1347 1133 1619 1187 affirmareJO
1668 1132 1673 1135 ’

312 1221 356 1265 9.)
387 1215 491 1254 haec
512 1214 749 1268 Lampridii
774 1216 817 1255 in
840 1216 1114 1255 Diadumeno
1137 1231 1171 1255 c.
1195 1227 1233 1255 Ω.
1259 1218 1310 1255 Τ.
1336 1231 1371 1261 ι.
1392 1218 1432 1268 p.
1458 1224 1619 1262 773.,e.

197 1273 255 1331 [q.
278 1273 538 1313 Herodianus
558 1272 741 1311 Graecus
758 1272 944 1329 scriptor
965 1272 1069 1316 haec
1087 1275 1354 1328 praeteriens,
1385 1271 1621 1311 Diadume·

194 1347 294 1372 num
329 1343 487 1369 tantum
520 1328 738 1369 Caesarem
775 1331 874 1370 dicit
901 1345 1079 1384 puerum
1113 1348 1138 1369 a
1166 1329 1374 1371 militibus
1406 1344 1620 1384 >nuncupa--

196 1404 304 1435 tum,
339 1399 379 1428 et
401 1403 490 1426 cum
511 1397 628 1440 patre
649 1385 823 1443 occisum
839 1417 850 1434 ‚
878 1387 1122 1441 (praeteriit
1145 1397 1310 1434 autem,
1355 1388 1453 1440 quia
1476 1385 1528 1424 de
1547 1399 1620 1438 pa-

194 1457 258 1490 tre
281 1445 476 1485 Macrino
500 1443 724 1499 praecipue
746 1444 954 1499 agendum
975 1443 1263 1498 susceperat‚)
1292 1467 1349 1474 —
1387 1444 1432 1482 it.
1457 1443 1501 1481 in
1521 1440 1619 1481 Ale-.

191 1503 355 1543 xandro
377 1503 534 1541 Seuero
557 1516 589 1540 c.
615 1511 683 1550 52.
703 1516 744 1555 p.
774 1516 892 1554 ¹009·
914 1501 941 1539 i.
965 1499 1170 1549 οἷνωίμοιτον
1189 1502 1403 1556 imperium
1425 1499 1530 1546 eius,
1549 1520 1621 1530 --

191 1574 236 1603 υτ
265 1559 536 1601 Herodianus
570 1560 748 1599 Graecus
775 1558 951 1613 scriptor
973 1557 1116 1617 ‘refert
1145 1559 1190 1603 in
1231 1557 1344 1597 libris
1381 1568 1619 1610 temporum
1680 1600 1684 1605 J

188 1617 385 1675 suorum,
413 1618 530 1670 (quo
549 1615 601 1654 de
623 1617 678 1657 cf.
697 1630 762 1669 ap.
785 1615 922 1655 Nostr.
947 1612 998 1654 od
1027 1617 1066 1661 6,
1094 1631 1131 1662 1,
1159 1624 1221 1662 15.
1244 1630 1286 1668 p,
1313 1623 1408 1667 294.
1428 1618 1513 1664 m.)
1542 1635 1613 1650 ---.
1662 1620 1666 1625 “

196 1678 241 1715 it.
267 1691 300 1714 c.
325 1684 454 1727 57.>p.
478 1685 596 1712 1021.
621 1687 675 1712 m.
711 1672 885 1730 amififfe
914 1672 1032 1711 illum
1065 1674 1286 1712 exercitum
1315 1671 1461 1710 dicunt
1479 1668 1619 1727 fame,

194 1734 352 1787 frigore
411 1747 459 1770 ac
506 1730 679 1779 morbo,
740 1743 784 1769 υε
831 1730 1102 1770 Herodianus
1159 1741 1303 1768 auctor
1354 1727 1412 1768 est
1472 1739 1617 1767 contra.

195 1790 425 1830 multorum
465 1790 717 1844 opinionem,
767 1789 856 1838 (cf.
897 1802 965 1842 ap.
1005 1785 1143 1828 Nostr.
1190 1785 1242 1828 ad
1280 1788 1322 1835 6,
1363 1787 1406 1835 6,
1435 1797 1477 1841 4.
1509 1799 1545 1824 e.
1575 1799 1616 1840 p.

193 1858 292 1899 425.
332 1851 399 1896 Θ.)
934 1850 937 1851 ⁷
1583 1841 1587 1847 ι
1618 1879 1622 1882 .

310 1931 355 1976 5)
387 1925 492 1965 istud
513 1924 715 1966 Trebeuii
735 1924 942 1965 Pollionis
963 1924 1013 1963 de
1033 1924 1133 1963 Tito
1157 1925 1209 1963 Τ.
1234 1935 1272 1962 2.
1304 1938 1344 1978 p.
1370 1932 1468 1974 341.
1497 1920 1620 1961 docet

195 1987 422 2040 Dexippus,
455 1998 533 2023 nec
556 1983 813 2022 Herodianus
837 1993 970 2028 tacet,
1000 2006 1068 2014 —-—
1103 1983 1236 2020 Titum
1258 1981 1472 2020 tribunum
1495 1979 1619 2017 Mau-

196 2059 358 2090 rorum,
391 2051 468 2081 etc.
501 2046 613 2095 (quo
639 2039 691 2079 de
713 2042 767 2082 cf.
795 2040 845 2078 ad
868 2039 1005 2080 Nostr.
1029 2049 1072 2088 7,
1100 2055 1136 2088 ι,
1163 2050 1229 2078 21.
1253 2039 1357 2077 Exc.
1381 2052 1423 2097 p.
1442 2040 1561 2089 888.)

310 2121 393 2162 Sed
424 2121 703 2160 recentiorum
733 2119 855 2173 posui
884 2119 1013 2158 haec:
1081 2123 1123 2170 1)
1161 2133 1214 2158 ex
1237 2117 1336 2158 edit.
1357 2118 1449 2157 Par.
1493 2114 1637 2164 „Ant

195 2180 313 2219 dreas
337 2178 534 2218 schottus
559 2174 778 2218 Obseruat.
816 2178 872 2216 H.
891 2176 918 2215 l.
949 2187 987 2224 5.
1012 2191 1045 2216 c.
1071 2187 1132 2216 12.
1156 2191 1197 2230 p.
1227 2188 1321 2231 141.
1367 2175 1424 2214 Vt
1446 2172 1618 2225 Thucy-

195 2237 334 2276 didem
358 2234 689 2275 Demosthenem
713 2248 793 2288 que
818 2235 909 2273 eius
932 2233 1142 2273 aemulum
1164 2228 1432 2287 transscriplit
1445 2228 1617 2282 Crispus

193 2296 411 2333 Romanae
432 2291 641 2331 Historiae
662 2290 788 2330 facile
809 2291 1025 2345 princeps:
1073 2290 1128 2329 fic
1160 2299 1202 2329 et
1230 2289 1275 2328 in
1305 2284 1475 2344 historia
1504 2285 1618 2340 paris

195 2366 288 2390 cum
320 2349 393 2388 illo
423 2349 637 2404 diguitatis
672 2363 739 2404 ap.
773 2348 955 2393 Graecos
986 2346 1255 2391 Herodianus
1285 2341 1616 2387 Demosthenem

197 2407 253 2448 est
274 2407 474 2450 imitatus.

311 2486 368 2528 ib.
402 2485 620 2538 „Iacobus
652 2484 906 2539 Cappessus,
937 2481 1196 2525 P1-aef.Hist.
1215 2480 1330 2521 Eccl.
1390 2502 1459 2512 —
1520 2477 1617 2519 Post

195 2543 414 2597 scriptores
433 2541 565 2581 [actos
586 2543 802 2596 Principes
824 2541 1005 2581 lectione
1027 2539 1282 2594 digniffimos
1311 2537 1459 2581 censeo
1489 2534 1615 2589 Poly-

194 2601 311 2641 bium
325 2629 338 2647 ‚
370 2599 562 2637 Tacitum
578 2627 589 2646 ‚
633 2598 924 2639 Herodianum
945 2600 1054 2637 inter
1075 2606 1252 2636 veteres.
1285 2618 1356 2627 —-·

313 2679 369 2718 ib.
411 2675 563 2725 „Idem
587 2677 815 2730 Cappellus
835 2677 893 2716 ib.
948 2699 1013 2707 —-
1073 2673 1158 2715 Sub
1180 2673 1419 2714 Alexandro
1441 2673 1615 2720 Seuero,

196 2739 270 2801 qui
291 2735 419 2798 periit
440 2735 490 2775 A.
518 2734 571 2775 V.
596 2734 644 2775 C.
668 2743 763 2788 933.
780 2764 792 2783 ,
833 2733 974 2775 floruit
1003 2730 1271 2774 Herodianus
1287 2761 1299 2782 ‚
1351 2731 1426 2794 qui
1456 2730 1614 2772 Graece
