1707 3140
203 205 228 235 2
447 182 878 232 HERODIANI

954 179 1387 227 HISTORIAE.

204 298 284 347 cepi
301 312 309 333 ε
356 297 502 345 sperans
539 296 636 333 haud
664 292 906 332 iniucundum
922 291 1023 329 'fore
1049 289 1249 340 posteritati
1285 300 1410 330 earum
1443 288 1633 331 notitiam.
1658 286 1661 288 ’

207 362 299 396 quae
319 348 456 383 multae
474 346 687 392 stineatque
704 354 858 390 >magnae
878 342 971 378 haud
992 341 1043 378 ita
1063 342 1177 388 longo
1206 350 1375 385 tempore
1403 336 1632 374 acciderunt.

168 404 185 438 5
207 399 303 435 Nam
323 392 346 442 fi
366 396 448 444 quis
475 393 517 431 ab
535 394 694 441 Augusto
712 404 827 437 vsque
846 390 1043 438 (principe)
1063 400 1211 425 omnem
1229 397 1385 423 aetatem
1407 388 1449 432 d)
1468 386 1634 434 comple-

205 447 322 484 &atur
341 444 478 485 animo,
506 455 618 490 quum
637 441 777 478 scilicet
804 440 1054 475 Romanorum
1074 436 1243 485 potentia
1265 437 1308 472 ad
1339 436 1449 473 vnius
1469 436 1518 472 est
1539 435 1634 472 arbi-

206 496 320 532 trium
341 496 373 540 e)
395 493 580 533 deuoluta,
603 504 651 526 ne
672 488 778 526 aunis
799 488 950 535 quidem
972 488 1044 524 illis
1071 485 1218 522 circiter
1239 485 1411 521 ducentis
1429 485 1514 531 (tot
1531 484 1634 521 enim

202 544 322 582 ferme
341 542 384 577 ad
404 541 519 578 Marci
537 552 701 586 tempora
726 540 991 580 numerantur)
1016 547 1079 572 aut
1104 534 1348 581 imperiorum
1378 543 1454 570 tam
1474 532 1634 570 diuersas

204 590 443 630 successiones
464 589 635 636 reperiet,
664 598 726 623 aut
738 588 922 623 bellorum
951 586 1008 621 vel
1027 584 1195 620 ciuilium
1216 584 1275 619 vel
1294 594 1536 620 externorum
1557 593 1634 619 tam

202 641 323 676 varios
342 639 439 675 casus
462 649 572 685 atque
591 647 760 675 euentus,
780 637 833 681 f)
860 636 897 670 in
923 646 982 671 tot
1008 634 1141 670 excitas
1167 643 1319 680 gentes,
1345 643 1404 668 tot
1431 632 1537 669 vrbes
1563 643 1636 668 no-

203 689 288 726 stras
309 689 549 733 barbarasque
563 695 805 734 expugnatas:
833 695 1018 730 praeterea
1039 694 1158 719 terrae
1182 691 1320 724 motus,
1342 693 1381 718 et
1399 680 1634 728 pestilentias,

204 737 302 774 vitas
322 738 517 784 quoqueg)
532 734 740 782 principum
753 744 791 768 et
809 745 1053 780 tyrannorum
1074 730 1164 767 adeo
1179 742 1296 772 nouas
1310 742 1423 778 atq-ue
1437 729 1637 770 inauditas,

205 798 248 823 vt
276 786 374 822 nulla
396 786 438 821 iis
465 784 562 830 apud
590 795 732 821 veteres
764 781 965 818 confimilia
991 780 1178 827 exempla,
1205 778 1268 816 aut
1293 788 1394 816 certe
1414 791 1521 827 quam
1551 789 1637 826 pau-

166 837 187 870 6
208 834 339 872 ciffima
359 833 606 870 inueniantur.
655 844 814 878 quorum
835 829 894 866 alii
920 831 1144 871 diuturnam,
1169 828 1229 864 alii
1253 830 1402 866 brevem
1427 826 1637 875 potentiam
1691 857 1694 859 >

165 896 189 930 7
206 883 468 920 obtinuerunt:
496 882 669 918 nonnulli
688 891 829 922 autem,
853 880 1004 917 vixdum
1024 879 1119 915 inito
1138 878 1296 919 honore,
1320 877 1640 925 imperatoresque

206 933 382 969 duntaxat
400 930 591 978 appellati,
615 930 745 966 eodem
764 929 831 965 illo
851 940 927 976 quo
948 927 1177 975 susceperant
1203 927 1264 963 die
1291 925 1488 974 imperium
1509 925 1637 962 amise-

166 991 188 1023 s
207 993 304 1019 runt.
349 981 447 1018 Nam
467 991 582 1026 quum
601 979 639 1025 h)
661 978 844 1026 sexaginta
857 978 963 1013 anuis
982 978 1105 1024 plures
1125 989 1233 1024 quam
1256 989 1323 1022 pro
1345 987 1516 1022 tempore
1532 974 1637 1022 prin·

204 1031 303 1077 cipes
326 1030 411 1065 vrbs
433 1029 545 1064 Roma
565 1028 770 1073 pertulerit,
798 1027 934 1063 fastum
953 1039 994 1061 ex
1017 1039 1061 1062 eo
1082 1025 1143 1068 est,
1165 1025 1218 1062 vti
1240 1027 1377 1062 multae
1394 1025 1479 1061 sane
1499 1022 1638 1060 variae·

164 1088 186 1121 9
205 1091 277 1127 que
303 1090 358 1115 res
387 1089 494 1124 atque
522 1075 765 1113 admiratione
784 1076 919 1125 dignae
938 1075 1181 1111 exorirentur.
1221 1074 1381 1124 rQippe
1408 1083 1529 1110 aetate
1548 1084 1637 1119 pro-

202 1126 295 1164 uesti
329 1126 528 1173 principes,
554 1136 688 1171 vtpote
711 1138 830 1161 rerum
850 1125 1166 1172 negotiorumque
1186 1123 1316 1171 periti,
1342 1122 1563 1171 diligentius
1581 1121 1636 1158 se-

203 1177 241 1212 se
261 1177 419 1222 suosque
437 1176 631 1221 regebant:
658 1185 784 1210 contra
805 1173 1068 1215 adolescentes,
1087 1173 1249 1209 molliter
1268 1183 1381 1220 atque
1398 1171 1637 1220 indulgenter

141 1236 186 1262 10
204 1224 334 1266 habiti,
353 1235 454 1259 noua
475 1223 613 1259 scilicet
633 1223 813 1269 permulta
827 1220 1075 1269 designabant.
1100 1223 1187 1262 Quo
1207 1220 1340 1257 fastum
1360 1220 1420 1262 est,
1441 1231 1481 1256 vt
1502 1218 1638 1267 dispari

205 1284 324 1310 aetate
342 1284 451 1320 atque
480 1272 651 1312 licentia,
678 1271 831 1318 disparia
851 1281 1006 1319 quoque
1024 1270 1137 1307 studia
1166 1281 1362 1318 moresque
1383 1269 1637 1317 sequerentur.

141 1333 183 1359 11
206 1324 305 1358 Haec
328 1320 637 1368 quemadmodum
657 1320 749 1361 aesta
769 1319 852 1363 sint,
876 1330 1089 1369 temporum
1112 1319 1272 1369 ipsorum
1291 1330 1404 1368 atque
1421 1318 1638 1368 principum

201 1370 346 1410 seruato
363 1369 518 1414 ordine,
538 1361 812 1416 perscribemus.

889 1470 934 1506 ss.

201 1519 418 1600 Imperator
443 1554 587 1590 Marcus
612 1551 702 1591 filias
729 1551 883 1601 quidem
913 1551 1074 1599 suscepit
1103 1551 1335 1599 complures,
1371 1560 1487 1587 mares
1513 1558 1637 1588 autem

161 1616 186 1641 2
205 1606 312 1643 duos.
358 1603 491 1639 horum
520 1603 634 1644 alter,
660 1614 749 1640 natu
775 1603 918 1644 minor,
942 1601 1239 1638 adolescentulus
1267 1599 1467 1635 admodum
1487 1597 1567 1641 fato
1586 1599 1637 1636 est

203 1653 370 1693 funRus:
397 1652 604 1696 (Veriffimo
624 1663 762 1688 nomen
775 1650 864 1698 fuit)
890 1650 1046 1687 alterum
1068 1662 1170 1692 vero,
1199 1648 1448 1686 Commodum
1467 1650 1638 1692 nomine,

203 1713 334 1749 magna
362 1700 552 1749 diligentia
572 1712 728 1748 curaque
751 1712 855 1748 pater
883 1699 1076 1741 educauit,
1102 1699 1230 1735 accitis
1256 1697 1425 1747 vndique
1450 1698 1637 1739 viristdo-

203 1753 318 1790 &rina
339 1749 455 1791 claris,
481 1749 709 1796 maximaque
736 1747 918 1796 proposita
945 1748 1128 1789 mercede,
1155 1748 1210 1785 vri
1240 1759 1363 1784 mores
1391 1758 1459 1794 pro
1485 1746 1522 1784 fe
1539 1746 1652 1794 quis-'

163 1807 184 1847 3
205 1814 283 1855 que·
300 1797 364 1854 filii
386 1798 652 1847 ingeniumque
671 1799 891 1835 excolerent.

944 1797 1052 1834 Filias
1078 1810 1209 1845 porr0,
1235 1808 1352 1844 quum
1378 1792 1636 1837 adoleulffenr.

201 1860 355 1898 optimis
383 1860 427 1884 ex
457 1847 588 1884 ordine
617 1847 804 1884 senatorio
841 1846 928 1883 viris
960 1846 1166 1883 collocauit.
1222 1847 1359 1894 Neque
1387 1843 1486 1882 enim
1517 1845 1636 1894 quii)

200 1900 352 1946 longam
380 1896 523 1944 generis
543 1896 668 1932 seriem
697 1895 935 1943 praeferrent,
959 1907 1024 1932 aut
1045 1895 1109 1945 qui
1133 1908 1224 1943 opes
1243 1895 1377 1932 nimias
1397 1895 1640 1934 ostentarent»

201 1947 264 1984 sed
284 1944 346 1993 qui
367 1957 509 1982 morum
533 1945 728 1989 probitate,
754 1956 867 1993 atque
889 1944 1074 1987 modestia,
1100 1944 1273 1992 vitaeque
1294 1944 1514 1980 innocentia
1531 1955 1637 1991 prae·

163 2008 186 2039 4
204 1997 393 2035 cellcrent,
419 2006 483 2030 eos
511 1993 571 2030 fibi
598 2005 754 2041 generos
783 1994 1000 2043 deligendos
1031 1995 1193 2042 putabat.
1238 1993 1345 2030 Haec
1373 1991 1474 2029 enim
1503 1991 1578 2029 sola
1596 1991 1636 2039 k)

202 2042 315 2081 animi
335 2045 429 2080 bona
450 2054 549 2080 certa
570 2043 637 2079 effe
655 2042 868 2091 stabiliaque
889 2044 1056 2081 ducebat.
1105 2042 1296 2079 Virtutem
1313 2041 1453 2079 nullam
1470 2054 1547 2078 non
1558 2051 1637 2077 ma-

202 2105 366 2142 gnopere
392 2090 572 2128 exercuit:
603 2093 693 2128 adeo
722 2091 910 2129 literarum
937 2091 1172 2140 antiquitatis
1198 2088 1464 2135 studiosusfvt
1491 2090 1636 2128 nemini

164 2155 184 2188 5
203 2142 244 2179 lit
264 2142 304 2179 in
333 2154 378 2178 eo
398 2152 532 2190 genere
553 2141 780 2178 Graecorum
799 2142 1127 2189 Romanorumque
1152 2141 1349 2179 secundus.
1398 2142 1636 2190 Argumento

248 2259 288 2303 d)
317 2260 415 2294 Inter
436 2256 470 2292 se
488 2268 689 2304 comparet,
722 2258 863 2295 Memm.

218 2352 221 2353 ⁷
247 2311 284 2347 e)
307 2307 558 2342 Dominarum.
588 2307 703 2353 Steph.

238 2353 294 2400 f)
322 2356 404 2392 For.
441 2354 576 2402 scriplit
604 2355 681 2392 Pol.
717 2368 784 2394 non
820 2366 886 2394 tot.

196 2404 326 2450 Steph.
359 2404 416 2439 vel
446 2414 510 2439 aut
537 2414 601 2441 tot.
629 2405 827 2443 Memmius
847 2405 887 2442 in

195 2453 263 2488 suo
284 2452 377 2488 libro
400 2464 477 2489 eam
499 2453 714 2501 particulam
742 2467 888 2503 expun-

194 2500 261 2538 xit.
289 2502 380 2546 Sylla.

239 2552 282 2595 g)
308 2549 410 2587 Vitas
433 2561 466 2593 q.
496 2561 568 2598 tyr.
590 2562 628 2588 et
656 2564 707 2599 pr.
726 2551 887 2589 incredi-

196 2597 313 2640 biles,
337 2611 429 2646 quae
449 2610 551 2635 antea
571 2600 628 2635 vel
656 2613 735 2636 raro
755 2602 814 2638 vel
838 2614 887 2638 ne

197 2647 274 2684 ullo
305 2647 451 2694 quidem
478 2648 589 2684 modo
617 2662 885 2687 commemora-

197 2707 256 2731 tae
278 2695 441 2733 fuerunt.
468 2698 585 2745 Steph.

240 2747 277 2793 lv)
303 2745 469 2784 Diuisum
489 2747 589 2788 enim
609 2748 714 2785 annis
727 2748 885 2797 sexagin-

938 2269 973 2295 ta
986 2256 1182 2306 imperium
1195 2257 1233 2293 in
1252 2256 1376 2303 plures
1392 2251 1636 2303 principatus
1664 2283 1667 2288 .

937 2319 1045 2354 quam
1067 2319 1133 2354 pro
1150 2307 1217 2345 illo
1233 2304 1414 2352 temporis
1431 2303 1564 2352 spatio,
1576 2316 1637 2342 res

937 2355 1070 2391 multas
1092 2354 1206 2391 varias
1233 2365 1306 2401 que
1325 2363 1437 2408 atque
1459 2353 1551 2390 adeo
1569 2353 1636 2392 ad-

937 2403 1136 2440 miratione
1164 2402 1292 2452 diguas
1320 2403 1420 2441 tulit.
1480 2402 1636 2452 Qippe
1660 2430 1662 2432 v

936 2465 1007 2490 etc.
1045 2453 1164 2501 Steph.

985 2518 1015 2563 i)
1044 2518 1121 2558 Qui
1141 2518 1252 2566 longa
1280 2528 1361 2567 gen.
1380 2515 1470 2554 serie
1488 2514 1636 2566 patricii

935 2566 1066 2604 essent.
1091 2566 1208 2615 Steph.

982 2645 1020 2692 k)
1033 2647 1131 2690 Sola,
1149 2646 1217 2684 effe
1235 2644 1348 2684 animi
1368 2646 1533 2695 proprias
1553 2645 1635 2693 pos-

934 2694 1124 2737 semones,
1158 2708 1197 2732 et
1223 2695 1430 2738 eiusmodi,
1454 2706 1550 2743 quae
1571 2706 1635 2731 au·

933 2744 1020 2783 ferri
1038 2756 1115 2783 non
1138 2745 1294 2795 possent,
1313 2743 1481 2783 ducebat.
1510 2744 1633 2793 Steph-
