1707 3029
17 2731 22 2756 l

2 2856 4 2867 ι
15 2844 33 2868 10

16 2884 18 2896 Ι

519 98 610 142 DE
647 96 1056 142 HERODIANO.
1192 126 1195 130 -
1408 111 1502 155 235

94 221 251 276 scripsit
282 219 491 261 historiam
521 220 765 273 pauciorum
799 219 995 274 quidem,
1055 234 1178 274 quam
1214 220 1304 260 Dio
1336 222 1510 272 Cassius,

93 291 298 318 annorum
315 309 325 327 ‚
363 277 435 317 sed
458 277 679 316 admodum
702 277 945 317 iudiciosam
967 287 1009 316 et
1030 277 1263 332 elegantem
1279 308 1290 325 ‚
1332 294 1354 317 a
1386 280 1511 320 Com-

93 335 236 384 modo,
265 336 337 390 qui
354 349 526 391 regnare
549 335 689 389 coepit
712 336 761 378 A.
774 335 824 378 V.
839 334 1013 388 0933„
1048 334 1407 383 aleaximinum)
1439 337 1516 392 qui

90 394 219 448 periit
237 408 272 432 a.
295 399 432 447 99o.“

209 475 256 526 Ω)
316 487 369 512 ex
411 470 510 512 edit.
544 472 685 512 Oxon.
734 473 955 519 „Ioannes
986 471 1175 512 Bodinus
1206 472 1418 513 Methodo
1449 473 1511 512 hi·

93 528 306 570 storiarum
329 545 363 569 c.
387 539 424 581 4.
446 530 496 570 de
522 529 726 569 Suetonio
745 529 938 570 locutus:
990 531 1088 569 Non
1114 530 1223 569 idem
1250 529 1338 589 fuit
1368 532 1411 570 in
1432 533 1512 571 He·

93 588 265 627 rodiano
285 587 461 626 studium
480 589 662 626 veritatis
685 587 984 641 inquirendae:
1033 604 1105 626 nec
1135 589 1224 628 fere
1246 588 1374 644 potest
1403 590 1511 628 eius-

94 644 189 684 dem
216 646 421 698 Principis
443 645 619 684 virtutes
641 661 689 683 ac
709 645 814 684 vitia
838 644 1059 700 recensere.
1074 651 1103 670 “
1151 669 1223 677 —-
1280 648 1426 686 Bonus
1448 648 1514 687 vir

93 700 166 741 hic
186 703 259 742 vix
277 701 507 756 inspexerit
526 701 816 741 Herodianum
829 730 840 750 ‚
872 712 943 741 aut
963 700 1132 742 caecus!

209 786 254 830 5)
314 796 366 820 ex
389 781 486 823 edit.
510 782 656 824 Parau,
690 810 717 831 ‚,
731 781 798 819 Ex
820 781 1003 821 Gerardo
1023 783 1183 821 Ioanne
1202 782 1342 823 Voffio
1362 779 1414 823 de
1435 784 1515 824 Hi-

57 854 61 856 ·
95 834 252 878 storicis
281 839 451 878 Graecis
479 837 553 877 lib.
581 839 638 881 II.
668 854 702 878 c.
737 847 799 886 15,
835 838 1114 894 Temporibus
1143 840 1208 879 M.
1237 840 1400 879 Aurelii
1428 842 1515 880 An·

93 897 234 936 tonini
256 907 297 936 et
316 895 542 937 Commodi
568 906 645 935 etc.
697 919 764 927 --
816 897 926 935 Tum
946 911 1115 951 quoque
1133 911 1283 953 magno
1308 898 1352 936 in
1372 901 1511 953 pretio

92 954 179 993 fuit
210 954 492 993 Herodianus.
579 952 784 992 Condidit
819 953 890 992 hic
926 953 1203 993 Historiarum
1238 955 1368 994 libros
1402 967 1511 1002 octo,
1574 976 1579 982 ·

93 1025 166 1050 eos
199 1011 368 1051 exorsus
394 1010 444 1050 ab
469 1010 634 1050 excessu
655 1011 720 1049 M.
744 1010 906 1049 Aurelii
922 1012 1129 1050 Antonini
1158 1011 1434 1066 Philosophi,
1465 1028 1514 1053 ac

91 1067 214 1107 desiit
231 1069 276 1107 in
296 1078 430 1107 morte
451 1067 621 1106 Balbini
642 1077 683 1106 et
700 1068 900 1114 Maximi,
930 1083 977 1107 ac
995 1069 1179 1122 Imperio
1204 1070 1406 1108 Gordiani
1425 1072 1513 1110 Ne·

92 1127 221 1180 potis,
282 1125 425 1178 Stylus
446 1124 600 1164 Photio
621 1123 720 1164 teste
742 1124 796 1164 est
816 1125 985 1179 elegans
999 1151 1010 1173 ,
1043 1125 1310 1180 perspicuus,
1351 1142 1397 1166 ac
1417 1122 1512 1167 talis

92 1182 218 1237 plane
233 1210 245 1230 ,
292 1193 339 1222 vt
368 1183 442 1221 vix
463 1181 764 1221 Historicorum
797 1181 873 1220 vlli
894 1182 974 1220 vlla
996 1183 1308 1223 virtute-cedat.
1396 1186 1515 1224 Veri-

92 1240 171 1278 tati
202 1239 326 1278 etiam
356 1238 533 1277 studuit:
584 1237 659 1276 nifi
689 1238 803 1292 quod
831 1238 936 1278 fides
959 1239 1048 1279 eius
1069 1250 1190 1279 nutet
1210 1241 1254 1278 in
1271 1240 1512 1281 Alexandro

93 1307 136 1336 et
164 1294 420 1336 Maximino.
506 1293 635 1350 Quod
665 1296 791 1335 etiam
821 1295 1085 1336 obseruatum
1114 1297 1355 1350 politiffimo
1384 1298 1512 1338 huius

94 1353 316 1407 Scriptoris
333 1354 560 1408 Interpreti
577 1353 740 1408 Angelo
761 1353 974 1392 Politiano
1002 1355 1046 1392 in
1069 1355 1331 1408 praefatione
1353 1358 1513 1411 expoli-

92 1412 222 1450 tionis
244 1411 457 1457 Suetonii,
506 1414 595 1461 (—
643 1425 769 1465 quam
787 1425 873 1450 non
896 1411 1018 1465 potui
1037 1412 1276 1459 consulere,
1319 1425 1364 1453 vt
1383 1415 1511 1454 verba

89 1465 178 1522 ipsa
202 1466 480 1521 inquirerem,
529 1477 571 1507 et
600 1482 652 1506 an
683 1479 895 1508 auctorem
927 1465 1106 1507 fundum
1131 1484 1183 1524 ve
1212 1469 1311 1509 suae
1345 1471 1513 1511 senten.

92 1525 178 1564 tiae
193 1538 248 1564 'ac
265 1524 515 1578 suspicionis
549 1524 691 1565 ederet
708 1556 718 1574 ‚
748 1528 845 1579 —)
892 1534 934 1565 et
966 1533 1062 1565 ante
1086 1539 1181 1565 eum
1203 1526 1316 1567 Iulio
1341 1529 1512 1583 Capito-

92 1581 182 1621 lino
205 1582 248 1620 in
269 1583 519 1621 Maximinis
542 1582 720 1631 duobus,
751 1584 825 1622 vbi
845 1584 917 1629 ait,
950 1583 1295 1624 Herodianusetc.
1326 1591 1413 1635 (——-
1426 1601 1510 1640 quo

94 1635 147 1679 de
167 1638 288 1694 supra
321 1662 383 1670 —-
409 1644 431 1691 )
510 1639 714 1679 Similiter
734 1639 975 1680 Trebellius
996 1640 1135 1680 Pollio
1156 1642 1201 1680 in
1230 1657 1318 1680 xxx
1347 1646 1510 1697 Tyran-

92 1696 183 1745 nis‚
231 1698 328 1748 (-—
359 1696 432 1737 vbi
459 1697 626 1750 prorsus
654 1697 739 1745 nil,
793 1708 960 1752 praeter
1003 1708 1124 1738 antea
1168 1699 1287 1747 data,
1317 1706 1419 1752 —-)
1463 1717 1509 1741 ac

90 1753 363 1808 Lampridius
385 1755 429 1793 in
451 1754 693 1794 Alexandro
708 1756 864 1796 Seuero
889 1765 930 1795 et
942 1755 1158 1795 Antonino
1177 1757 1463 1799 Diadumeno.
1480 1766 1508 1785 “

93 1811 178 1860 (de
198 1811 350 1866 quibus
372 1811 495 1865 supra
517 1812 677 1862 etiam.)

209 1906 254 1953 4)
315 1917 367 1942 ex
390 1898 590 1942 Hederici
608 1901 773 1943 Notitia
796 1903 994 1957 Scriptor.
1017 1919 1058 1959 p.
1082 1906 1178 1953 603.
1212 1902 1321 1953 „Fa
1345 1907 1508 1947 Robor-

90 1957 232 1998 tellius
264 1983 322 1989 --
359 1960 630 1999 Herodianus
651 1960 868 2013 persimilis
890 1960 1148 2014 Thucydidi‘
1207 1964 1319 2002 Nam
1341 1963 1507 2019 elegan-

90 2025 154 2054 ter
184 2017 479 2069 imperatorum
512 2031 576 2055 res
607 2016 735 2070 gestas
768 2017 817 2054 ab
847 2017 1065 2057 Antonino
1098 2030 1140 2058 et
1174 2020 1407 2060 Commodo
1445 2037 1509 2060 or-

91 2070 234 2117 diens,
266 2086 395 2126 vsque
414 2072 465 2111 ad
486 2073 744 2112 Gordianum
764 2083 962 2126 nepotem
983 2074 1214 2115 describere
1240 2087 1412 2116 conatus
1435 2078 1506 2125 est.

91 2139 134 2168 et
153 2130 376 2169 conciones
398 2139 492 2183 apte
511 2129 596 2168 suis
615 2129 719 2169 locis
741 2129 918 2173 effinxit.
1006 2131 1088 2170 Sed
1121 2143 1309 2185 poterat,
1349 2150 1429 2190 qua
1462 2138 1509 2175 in

88 2200 132 2226 re
156 2186 278 2241 culpa
299 2201 383 2225 non
406 2198 532 2233 caret,
559 2185 904 2225 historiam‘fuam
925 2188 1207 2229 consulatibus
1230 2190 1507 2247 distinguere:

90 2243 203 2296 quod
223 2245 266 2282 in
297 2243 465 2284 historia
496 2243 552 2283 est
582 2243 870 2285 neeeffarium.
956 2246 1084 2296 (Nec
1111 2248 1326 2303 perfimilis
1356 2249 1504 2290 Noster

89 2298 357 2352 Thucydidi,
396 2310 437 2341 et
458 2301 598 2341 causas
620 2300 837 2351 habuerit,
884 2316 1011 2358 quare
1032 2303 1230 2345 scriberet
1249 2305 1322 2346 sua
1343 2309 1502 2348 ratione

26 2399 31 2401 ,
87 2352 340 2407 historiam.)

205 2450 281 2500 ib„
309 2450 528 2500 „Carolus
560 2451 760 2507 Sigonius
805 2476 862 2484 --
903 2453 1205 2508 Imperatorum
1246 2456 1501 2512 singulorum

89 2504 273 2547 actiones
287 2519 328 2548 et
346 2508 453 2563 gesta
477 2508 754 2563 diligenteret
768 2522 881 2550 certo
902 2511 1049 2551 ordine
1069 2525 1298 2556 enumerat.
1326 2515 1504 2554 Concio-

88 2563 213 2602 nibus
237 2564 412 2619 gaudet,
456 2565 526 2605 sed
553 2567 752 2607 breuibus
783 2569 1005 2622 (partim.)
1096 2563 1326 2619 Acuminc‘,
1366 2570 1503 2611 breui-

88 2611 174 2660 t'ate
197 2632 239 2660 et
269 2621 566 2661 sententiarum
599 2627 802 2678 grauitate
832 2624 1022 2664 Sallustio
1053 2628 1366 2681 comparandus,
1457 2631 1498 2668 Si

88 2676 304 2716 meliorum
329 2689 562 2732 temporum
585 2695 647 2719 les
668 2690 784 2719 tanto
808 2682 954 2722 ordine
978 2694 1017 2722 et
1044 2700 1089 2722 eu
1111 2686 1231 2738 copia
1262 2684 1500 2739 scripsisset:
