1748 3017
243 93 273 139 4
447 72 965 128 HER'ODIANl
1019 80 1511 130 HISTORIAE

176 207 218 248 13
237 180 427 256 uulgauit,
445 199 485 245 q)
504 210 635 245 repens
657 195 852 233 confestim
882 194 921 232 in
939 193 994 232 eis
1015 194 1110 232 locis
1131 195 1265 235 seditio
1295 197 1553 248 discordiaque
1569 180 1677 237 Vrbes

239 246 390 284 inuasit:
416 254 495 282 non
512 259 587 284 tam
608 246 758 291 quidem
786 243 947 291 ipsorum
968 245 1232 291 imperatorum
1254 246 1344 283 odio
1369 248 1497 294 aliquo
1520 259 1585 285 aut
1603 249 1674 286 stu·

241 297 436 344 di0‚quam
457 297 702 333 aemulatione
718 295 872 343 quadam
891 305 931 331 et
950 295 1208 338 contentione,
1221 295 1436 345 inuidiaque
1453 297 1553 334 inter
1574 297 1673 335 eius-

173 358 219 394 14
242 346 325 382 dem
347 347 470 393 gentis
495 346 662 383 homines
680 343 924 381 fumestiffima.

973 344 1182 391 Antiquum
1211 345 1249 381 id
1275 346 1406 383 vitium
1430 348 1672 389 Graecorum,

240 397 306 442 qui
330 398 416 430 dum
439 395 641 431 seditiones
660 395 813 442 agitant,
836 402 949 440 atque
973 393 1299 431 eminentiffimum
1319 407 1507 444 quemque
1533 396 1671 433 tollere

239 457 260 480 e
281 444 404 480 medio
426 452 624 485 conantur,
651 455 767 480 totam
791 442 860 478 iam
879 441 1140 489 consumpsere
1160 443 1364 480 Graeciam.
1414 445 1451 490 r)
1473 446 1671 481 Caeterum

173 493 216 533 ἰς
239 491 291 528 illi
315 492 466 539 quidem
494 492 693 529 inueterati
714 495 784 527 iarn
805 490 1000 538 attritique
1018 490 1100 527 inte
1139 491 1191 534 se,
1217 492 1354 540 captiui
1374 493 1476 540 prius
1489 493 1672 534 Macedo-

172 541 217 574 16
237 553 341 584 num,
369 541 454 578 dein
479 541 661 588 mancipia
689 548 839 587 quoque
861 540 1111 576 Romanorum
1137 539 1222 577 fasti
1243 542 1342 578 sunt.
1389 543 1439 577 Ea
1458 555 1548 579 vero
1569 542 1671 579 labes

237 589 495 627 aemulationis
525 599 637 638 atque
670 589 833 626 inuidiae
860 588 1082 629 florentibus
1119 591 1322 627 etiamnum
1360 591 1490 627 aetatis
1527 591 1669 628 nostrae

172 641 217 681 17
237 639 453 675 ciuitatibus
475 640 652 676 incubuit.
702 639 816 687 Igitur
837 638 874 673 in
896 637 1085 686 Bithynia,
1103 638 1219 676 statim
1243 639 1322 688 post
1343 653 1400 677 res
1422 639 1466 676 ad
1487 640 1670 688 Cyzicum
1747 671 1748 677 ,

236 684 368 736 gestas.
406 686 694 725 Nicomedenses
723 689 766 724 ad
796 689 973 724 Seuerum
1000 685 1218 725 defecerunt
1236 713 1246 730 ‚
1271 687 1379 724 miffis
1406 687 1669 737 legationibus,
1696 714 1703 720 -
1747 710 1748 718 ι

236 748 330 783 quae
356 736 392 773 se
420 737 619 774 exercitum
652 747 891 783 accepturOS,
927 738 1129 782 omniaque
1157 737 1356 774 tradituros
1387 738 1667 785 pollicerentur.

171 790 212 827 '18
235 785 460 822 Nicaeenses
489 794 618 823 contra
639 786 786 821 illorum
816 784 976 834 instigati
1007 785 1120 826 odio,
1146 786 1254 833 Nigri
1276 786 1441 833 partibus
1461 787 1669 828 studebant,

235 834 389 883 eiusque
409 834 652 881 suscipiebant
672 834 822 876 milites,
844 834 918 870 flue
937 834 1000 882 qui
1023 835 1060 871 se
1081 847 1124 870 ex
1142 835 1230 890 suga
1251 845 1482 883 receperant,
1507 836 1583 872 siue
1603 834 1670 886 quii

168 890 213 929 19
235 884 278 920 ad
301 883 475 920 tuendam
497 885 704 931 Bithyniam
728 883 981 920 mitterentur.

1029 884 1212 929 roirca
1241 897 1285 920 ex
1314 885 1480 932 Vtrisque
1503 885 1669 928 vrbibus,

236 932 330 979 quasi
354 947 371 968 e
390 932 523 975 castris,
550 933 669 981 egreffi
692 933 829 968 milites
856 933 990 968 iterum
1011 943 1304 969 concurrerunt:
1333 945 1543 982 magnoque
1563 946 1668 970 com-

164 986 216 1021 ’,ὁ
237 980 337 1017 miffo
358 980 515 1029 praelio,
537 984 650 1030 longe
677 982 846 1029 superior
864 984 1023 1018 Seuerus
1054 979 1141 1016 fuit.
1194 981 1285 1018 lnde
1312 980 1423 1018 etiarn
1451 982 1537 1031 fuga
1558 982 1665 1025 fasta,

233 1028 340 1083 Nigri
366 1030 516 1073 militer,
543 1031 604 1078 qui
637 1031 773 1078 praelio
802 1029 1091 1077 superfuerunt,
1116 1030 1161 1066 ad
1180 1030 1294 1066 Tauri
1328 1029 1467 1067 montis
1484 1031 1665 1079 angustias

162 1085 206 1115 ἐι
230 1082 432 1119 euaserant,
459 1081 672 1128 clausasque
694 1080 928 1117 munitiones
950 1080 1161 1115 tuebantur.

1212 1081 1264 1116 At
1293 1079 1428 1126 Niger,
1456 1080 1582 1116 reliRo
1612 1079 1665 1116 ibi

227 1139 408 1176 quantum
435 1128 517 1163 satis
545 1128 626 1165 fore
653 1129 814 1175 praefidii
846 1128 1021 1174 putabat,
1059 1127 1245 1176 profesius
1263 1127 1505 1168 Antiochiam
1529 1129 1598 1174 est,
1622 1140 1666 1167 vt

223 1177 410 1214 exercitus
431 1178 704 1226 pecuniamque
725 1177 975 1213 contraheret.

921 1297 985 1338 m.

228 1366 235 1371 “
257 1371 381 1403 nterea
403 1360 530 1404 Seueri
552 1365 738 1404 exercitus
770 1362 979 1415 Bithyniam
1000 1366 1262 1413 Galatiamque
1289 1367 1467 1415 egressus.
1492 1379 1606 1417 quum
1625 1368 1664 1407 se

283 1428 367 1451 mox
382 1414 700 1463 inCappadociam
712 1427 862 1464 quoque
876 1416 1284 1464 incirasset‚oppugnare
1298 1417 1550 1454 munitionem
1563 1418 1664 1455 ince-

226 1466 296 1512 pit.
346 1464 397 1500 lbi
419 1467 546 1502 multis
572 1466 621 1502 est
649 1466 837 1502 laboribus
858 1465 1106 1503 conflifiatus:
1130 1469 1162 1511 s)
1183 1465 1322 1512 quippe
1349 1466 1440 1501 arcta
1461 1467 1660 1514 asperaque

225 1513 307 1554 via,
341 1512 556 1562 lapidesque
583 1514 735 1562 superne
767 1515 987 1551 iacientibus
1013 1527 1055 1551 ac
1083 1514 1273 1550 fortiffime
1302 1513 1565 1553 dimicantibus
1592 1516 1659 1564 qui

226 1561 376 1598 summis
396 1563 601 1600 institerant
632 1563 853 1606 moenibus,
880 1576 1003 1611 eoque
1031 1564 1137 1599 facile
1166 1563 1292 1609 paucis
1315 1564 1525 1601 arcentibus
1546 1565 1661 1612 pluri·

184 1624 206 1654 2
230 1624 319 1647 mos.

370 1612 517 1648 Etenim
537 1611 775 1660 angustiffima
795 1614 924 1660 vtique
955 1612 1013 1647 via
1043 1613 1104 1654 est,
1131 1614 1163 1657 t)
1186 1610 1288 1648 cuius
1318 1624 1397 1659 pars
1423 1614 1535 1650 altera
1556 1627 1663 1655 mon-

230 1671 267 1696 te
287 1659 452 1696 altiffimo
480 1660 707 1703 defenditur,
737 1661 846 1697 altera
872 1674 934 1704 per
954 1661 1114 1697 immane
1138 1671 1314 1707 praeceps
1345 1661 1532 1699 defluente
1550 1676 1661 1700 mon-

228 1709 329 1744 tibus
359 1721 449 1756 aqua
482 1709 684 1747 redundat:
708 1719 786 1746 tum
809 1711 926 1746 valida
952 1709 1164 1746 munitione
1196 1709 1312 1757 Niger
1329 1710 1588 1755 obstruxerat,
1619 1724 1660 1750 vt

185 1775 206 1813 3
229 1758 371 1795 scilicet
389 1760 552 1807 vndique
583 1758 694 1795 hostis
714 1759 816 1795 aditu
843 1759 1113 1806 prohiberetur.
1163 1760 1266 1794 Dum
1288 1759 1377 1794 haec
1405 1759 1444 1795 in
1465 1761 1659 1809 Cappado-

228 1806 281 1841 cia
305 1813 495 1854 geruntur‚
524 1807 671 1843 interim
692 1808 896 1845 seditiones
927 1809 1025 1844 inter
1051 1808 1090 1844 se
1110 1820 1263 1855 quoque
1288 1807 1477 1855 agitabant
1504 1809 1578 1857 pari
1598 1823 1656 1846 ae·

226 1856 434 1892 mulatione
452 1857 632 1903 odioque,
650 1857 827 1893 Laodicea
847 1857 997 1903 quidem
1012 1857 1051 1894 in
1072 1858 1187 1904 Syria,
1207 1855 1532 1895 Antioche-norum
1553 1859 1658 1896 odio:

180 1924 208 1958 4
226 1905 349 1952 Tyros
372 1915 493 1940 autem
516 1906 553 1941 in
577 1906 800 1946 Phoenicia,
828 1907 986 1954 Berytiis
1008 1905 1160 1942 infensa.

1211 1907 1329 1952 Qae,
1358 1908 1527 1944 nuntiata
1548 1907 1656 1957 Nigri

222 1951 332 2002 fuga,
356 1953 506 1990 sublatis
532 1953 633 1991 illius
662 1954 892 1997 honoribus,
928 1958 1071 1993 Seuero
1100 1954 1273 2003 prospere
1300 1954 1557 1994 acclamarunt.
1605 1959 1658 1994 At
1706 1992 1707 1995 ,
1743 1992 1748 1999 ,

267 2070 305 2116 q)
337 2068 502 2107 statimin
515 2070 688 2109 omnibus
706 2071 910 2109 illisnatio-

218 2118 328 2154 nibus
340 2118 471 2155 seditio
486 2121 568 2156 disc.
581 2135 650 2167 que
663 2121 816 2157 incidit:
834 2135 910 2159 non

218 2178 291 2202 tam
313 2168 412 2214 quod
432 2181 530 2217 reges
553 2171 650 2211 illos,
688 2171 752 2218 qui
772 2171 909 2208 bellum

218 2217 498 2262 gerebannodio
511 2221 912 2267 vclamoreproseque-

217 2274 359 2305 rentur,
380 2277 487 2310 quam
501 2266 658 2312 ipsorum
681 2269 779 2304 inter
796 2268 831 2304 se
851 2282 907 2306 ae-

216 2313 306 2348 mul.
320 2324 355 2348 et
376 2325 522 2362 contag.
533 2319 724 2353 Caeterum
734 2316 794 2353 hic
812 2325 909 2362 βασι-

215 2367 296 2401 λέας
315 2372 420 2397 verto
441 2376 551 2411 reges,
578 2367 909 2413 nonimperatores,

215 2410 259 2446 ad
280 2409 461 2446 vitandam
474 2411 762 2461 ambiguitatem.
787 2417 905 2464 Steph.

267 2460 311 2503 r)
341 2460 478 2495 Verum
510 2475 562 2497 res
591 2475 717 2499 eorum
743 2467 904 2513 quodam

216 2504 313 2542 velut
344 2506 446 2544 senio
466 2511 687 2552 debilitatae,
709 2525 746 2548 et
767 2515 904 2550 mutuis

215 2556 379 2590 cladibus
421 2559 587 2599 attritae.
640 2561 903 2599 Macedonibus

216 2603 341 2639 faciles
370 2605 462 2651 capi,
490 2608 658 2643 Romani<
689 2622 809 2646 autem
836 2613 902 2648 ser-

214 2662 279 2689 vae
302 2652 413 2690 [astae
440 2657 605 2694 fuerunt.
631 2658 746 2705 Steph.

1010 2068 1194 2120 s)quippe
1211 2072 1269 2108 via
1288 2071 1335 2108 ob
1346 2071 1542 2118 angustiam
1559 2072 1660 2121 aspe-

958 2121 1104 2158 ritatem
1123 2133 1196 2168 que
1217 2121 1374 2157 difficilis
1390 2132 1465 2157 erat
1484 2121 1657 2163 nannum

958 2171 1100 2218 lapides
1127 2183 1199 2219 que
1221 2171 1375 2215 desuper
1406 2170 1656 2207 iaculabantur

958 2230 997 2255 et
1016 2220 1206 2256 fortissime
1225 2219 1485 2266 depugnabant
1507 2217 1555 2259 ii,
1587 2219 1654 2265 qui

958 2281 1150 2304 murorum
1186 2264 1474 2315 propugnaculis
1516 2266 1654 2305 insiste-

957 2318 1059 2353 bant.
1082 2319 1224 2353 Memm.

1005 2416 1038 2454 t)
1057 2413 1160 2450 cuius
1173 2424 1309 2459 partem
1322 2413 1468 2449 alteram
1482 2409 1590 2451 mons
1600 2415 1651 2451 al·

955 2462 1105 2499 tissimus
1127 2464 1314 2510 protegit:
1335 2463 1445 2498 altera
1465 2475 1586 2500 autem
1610 2466 1649 2501 in

955 2522 1057 2558 parte
1078 2512 1236 2546 immane
1249 2523 1421 2557 praeceps
1431 2512 1545 2559 aquis,
1556 2525 1651 2560 quae

954 2574 971 2596 a
992 2562 1182 2596 montibus
1211 2560 1428 2596 confluunt.
1456 2561 1648 2598 transitum

955 2612 1121 2657 praebet:
1142 2622 1248 2655 quern
1269 2607 1435 2653 etipsum
1448 2611 1562 2659 Niger
1581 2623 1647 2658 pe-

952 2659 1053 2696 nitus
1073 2657 1308 2694 obstruxerat.
1335 2658 1449 2706 Steph.

1735 2596 1748 2692 nne—4
1737 2579 1739 2584 Α
