1707 3140
561 104 876 154 LIBER
957 106 991 155 1.

0 226 1 254 l
60 221 200 259 scilicet
225 231 337 268 atque
369 228 544 268 optatum
575 219 715 268 populo
741 220 988 267 spectaculum
1028 220 1274 267 praebiturus.

1449 126 1512 169 17

0 267 1 281 ³
59 271 98 308 id
116 271 251 307 malum
273 270 453 311 sedatum,
474 272 508 317 e)
536 280 648 317 atque
667 269 842 316 vtrinque
860 270 1053 306 dimicatio
1075 270 1269 318 dirempta.
1315 272 1510 319 Siquidem

22 335 28 345 *
49 320 202 358 -milites
219 332 303 356 cum
322 320 482 356 occisum
507 319 681 356 viderent
700 331 767 366 pro
786 332 862 368 quo
881 320 1132 360 decertabant.
1160 319 1250 357 iram
1271 332 1421 369 quoque
1443 323 1510 358 im-

58 369 239 417 peratoris
264 368 537 409 formidabant,
569 369 628 405 cui
659 369 768 404 verba
795 371 876 406 data
904 368 1078 415 nihilque
1103 381 1181 405 non
1210 369 1346 406 safimn
1378 382 1507 408 contra

55 418 158 456 illius
175 418 397 455 sententiam
420 428 690 466 compererant.
735 418 898 465 Populus
917 429 1045 454 contra
1066 417 1286 455 satisfaflum
1313 419 1377 455 libi
1397 432 1507 457 auto-

56 468 107 505 ris
131 466 312 515 supplicio
334 468 498 514 putabat.

549 467 622 504 Sed
644 479 682 504 et
701 467 808 504 liberi
832 467 1005 504 Cleandri
1035 467 1163 513 (binos
1190 469 1290 504 enim
1315 469 1430 505 virilis
1455 469 1505 506 se-
1529 492 1573 517 11

54 529 123 554 xus
141 518 311 564 habebar)
334 518 375 552 'et
394 526 585 564 quotquot
611 516 707 553 illius
739 516 847 553 amici
875 517 1043 557 fuerant,
1064 516 1109 551 ad
1132 530 1244 555 vnum
1265 531 1395 554 omnes
1414 531 1505 554 con-

55 565 254 604 trucidati:
283 565 468 613 nauaque
490 579 555 613 per
575 566 699 602 vrbem
724 569 900 604 cadauera
926 578 966 603 et
981 567 1344 603 contumeliosiffime
1369 567 1506 608 habita,

53 615 239 664 postremo
271 615 309 651 in
340 615 482 651 cloacas
511 615 659 651 abiecla.
692 617 742 670 f)
795 617 897 652 Haec
926 615 1008 664 linis
1028 616 1201 652 Cleandri
1222 616 1384 653 fatorum
1415 616 1506 658 fuit,
1529 637 1572 663 η

42 664 150 714 quali
182 663 221 701 in
239 673 314 701 vno
336 664 401 701 illo
420 665 524 701 velut
551 663 779 701 ambitiolius
794 668 839 714 g)
868 665 1068 701 ostentaret
1086 675 1213 701 natura
1243 667 1303 711 (vt
1332 666 1377 702 lic
1399 667 1503 703 dixe-

53 714 143 758 rim)
172 713 343 756 humana,
370 714 472 762 posse
492 726 536 751 ex
558 713 787 750 infimoloco
807 714 851 750 ad
875 715 1084 762 supremum
1104 714 1287 764 fastigium
1309 716 1418 752 euehi
1439 716 1508 750 bo-

54 763 196 800 minem
210 789 221 806 ,
243 774 358 811 atque
376 763 546 800 eut-&um
561 789 571 805 ,
595 763 683 801 dein
700 763 844 801 rursum
867 764 1052 800 deturbari
1072 765 1280 811 quamlibet
1299 766 1432 812 exiguo
1454 773 1507 802 at-

52 825 126 861 que
144 812 328 861 insperato
347 812 522 850 fortunae
543 820 751 849 momento.
799 814 997 850 Caeterum
1011 814 1257 855 Commodus,
1279 813 1421 850 tametsi
1444 827 1502 850 ve·
1526 825 1571 866 13

51 863 201 899 rebatur
217 861 359 908 nequid
382 862 529 899 sorta'ss‘e
555 861 716 910 populus
739 862 851 899 etiam
881 875 1009 899 contra
1033 862 1070 899 se
1086 863 1178 899 noui
1199 863 1421 906 moliretur,
1448 875 1505 900 ta-

50 924 139 948 men
159 911 399 950 suadentibus
420 912 548 948 amicis
568 912 608 948 in
631 913 760 948 vrbem
789 912 957 948 reuersus
976 912 1045 954 est,
1069 925 1111 948 ac
1138 912 1245 949 laetis
1273 912 1506 949 acclamatio·

51 961 164 998 nibus
184 972 396 1010 magnoque
417 963 598 998 comitatu
620 973 814 1008 exceptu&
834 961 872 998 in
894 962 1012 998 aulam
1035 962 1278 1010 principalem
1299 963 1335 1006 h)
1356 962 1395 998 se
1417 974 1506 998 con-

52 1009 153 1048 tulit.
202 1010 401 1047 Enimuero
427 1023 470 1047 ex
490 1008 570 1051 illo,
599 1021 658 1047 tot
673 1010 783 1047 aditis
811 1012 882 1046 iam
911 1012 1084 1058 periculis
1102 1037 1112 1054 ,
1138 1012 1269 1058 coepit
1297 1012 1389 1048 nulli
1418 1011 1504 1048 satis
1527 1026 1572 1064 ¹4

51 1058 257 1099 confidere.
285 1059 347 1096 sed
368 1060 539 1097 occidere
558 1060 657 1096 hunc
676 1070 790 1107 atque
809 1060 930 1100 illum.
957 1062 1050 1097 nulli
1072 1074 1152 1098 non
1171 1061 1375 1098 calumniae
1391 1059 1504 1098 fidem

51 1109 351 1147 accommodans.
398 1111 457 1146 Ad
486 1110 596 1151 haec,
634 1111 827 1145 neminem
860 1109 920 1145 cui
951 1110 1068 1147 virtus
1101 1112 1173 1146 vlla
1204 1110 1313 1152 esset,
1343 1112 1505 1147 amicum
1529 1128 1572 1164 15

52 1158 118 1196 fibi
148 1158 396 1209 adiungebat„
421 1158 484 1195 sed
507 1171 525 1193 a
545 1158 688 1195 cunctis
706 1171 822 1205 acque
850 1158 958 1195 recffis
985 1159 1113 1195 studiis
1138 1159 1303 1195 animum
1325 1172 1507 1197 auocaue-

53 1216 121 1245 rat.
147 1207 288 1255 quippe
309 1219 420 1251 quern
442 1207 502 1244 die
524 1208 711 1256 nocteque
732 1207 824 1243 aliae
845 1220 890 1243 ex
910 1207 991 1243 aliis
1006 1207 1187 1244 effraenae
1207 1212 1376 1256 corporis
1403 1209 1508 1246 volu·

48 1266 170 1305 Ptates
200 1256 408 1305 ‘grauislimo
434 1257 585 1294 seruitio
614 1258 850 1304 premebant:
894 1257 1162 1306 neminemque
1192 1265 1270 1294 n‘on
1301 1259 1345 1294 ab
1375 1258 1507 1294 limine
1529 1267 1575 1304 16

49 1306 157 1344 velut
175 1304 428 1343 insidiatorem
447 1307 711 1348 submonebat,
738 1317 1002 1354 quemcunque
1020 1320 1083 1344 aut
1113 1308 1280 1354 probitas
1309 1319 1372 1344 aut
1394 1307 1505 1343 disci-

49 1355 154 1404 plina
179 1355 253 1391 vlla
272 1356 385 1392 etiam
406 1351 606 1392 mediocris
634 1354 842 1393 illustraret.
894 1357 1048 1392 Scurrae
1066 1368 1169 1395 vero,
1196 1368 1236 1393 et
1257 1357 1321 1404 qui
1346 1357 1507 1404 turpiffi-

49 1417 110 1443 ma
129 1416 300 1454 quaeque
330 1405 677 1454 repraesentabant,
702 1404 799 1454 quali
830 1405 1017 1442 addietum
1045 1405 1108 1442 fibi
1138 1406 1337 1444 habebant.
1391 1407 1503 1444 Auri·
1529 1422 1573 1462 ¹?

50 1455 175 1504 gando
204 1453 317 1492 etiam
343 1456 544 1501 bestiisque
572 1454 819 1491 conficiendis
846 1453 949 1503 supra
978 1457 1130 1492 modum
1162 1457 1422 1493 exercebatur:
1455 1455 1507 1493 ob

48 1516 147 1550 quae
164 1503 278 1542 studia
302 1504 512 1543 adulatores
538 1517 623 1542 eum
645 1504 884 1552 fortitudinis
911 1506 1029 1552 gloria
1060 1506 1316 1542 celebrabant:
1341 1507 1369 1551 i)
1393 1517 1508 1555 quare

47 1553 111 1591 illa
129 1554 252 1592 minus
273 1554 410 1593 decore
431 1555 608 1593 tranabat
626 1566 736 1604 quam
759 1553 929 1591 modesto
950 1554 1114 1603 principi
1141 1553 1406 1593 conveniebat.

726 1672 826 1709 XIV.

45 1735 239 1807 Extitere
267 1750 312 1776 ea
337 1737 552 1786 tempestate
582 1736 696 1775 etiarn
729 1739 908 1787 quaedam
937 1738 977 1776 in
1005 1740 1113 1777 coelo
1136 1740 1316 1788 prodigia.

1369 1736 1509 1778 Stellae

130 1789 232 1826 enim
253 1800 320 1836 per
340 1787 439 1824 diem
460 1799 644 1836 perpetuo
667 1800 933 1835 apparuerunt,
951 1791 1207 1838 quaedamque
1226 1804 1270 1828 ex
1291 1791 1338 1826 iis
1356 1790 1397 1826 in
1419 1791 1506 1827 lon-

47 1851 134 1896 gum
162 1839 359 1887 productae
387 1838 513 1874 medio
544 1837 644 1893 quasi
678 1843 762 1874 aere
790 1837 984 1886 suspensae
1014 1838 1250 1876 videbantur.

1310 1841 1503 1877 Praeterea
1523 1847 1547 1876 ὓ

28 1889 218 1926 ‘animalia
236 1900 349 1933 omne
375 1899 508 1936 genus.
535 1887 691 1925 minime
717 1886 817 1924 suam
850 1899 1020 1925 naturam
1051 1888 1260 1933 seruantia,
1280 1902 1362 1927 cum
1385 1888 1504 1939 figura.

46 1940 217 1987 corporis
245 1936 469 1994 prodigiosa,
493 1944 574 1974 tum
595 1937 770 1973 membris
791 1937 1076 1985 haudquaquam
1097 1939 1394 1986 congruentibus
1416 1942 1505 1976 ede-

47 1989 196 2028 bantur.

45 2103 145 2140 veste
161 2102 273 2140 etiam
291 2103 463 2143 lacerata,
488 2102 663 2140 nonnulli
676 2114 751 2149 que

44 2156 139 2192 item
161 2165 315 2193 eorum,
340 2153 405 2201 qui
435 2152 608 2194 aderant,
635 2164 750 2200 quum

45 2217 91 2241 ex
110 2202 233 2240 verbis
262 2201 365 2244 eius,
386 2213 481 2250 quae
508 2203 610 2240 soror
631 2205 750 2248 impe-

37 2253 180 2290 *ratoris
199 2263 301 2295 erat,
328 2250 502 2289 fiduciam
534 2250 748 2298 sumsissent,

44 2301 296 2340 Commodum
328 2302 604 2348 perturbarunt.
630 2301 748 2346 Steph.

96 2354 129 2398 e)
159 2363 272 2399 atque
301 2351 448 2398 vtrique
475 2352 611 2388 bellare
632 2349 748 2387 defie-

44 2413 155 2440 runt:
185 2400 324 2437 milites
348 2401 516 2449 quidem,
544 2412 628 2437 cum
649 2398 747 2435 occi-

44 2452 126 2490 sum
156 2450 351 2491 vidissent,
384 2463 452 2497 pro
480 2463 555 2498 quo
583 2450 749 2486 decerta-

44 2502 149 2543 bant,
177 2501 266 2536 iram
287 2502 523 2548 Imperatoris
543 2498 748 2536 formidan-

47 2561 124 2591 tes‚·
149 2549 440 2598 (intelligebant
466 2549 588 2590 enim,
618 2549 655 2586 se
682 2550 748 2585 de-

36 2605 177 2647 'ceptos
191 2598 271 2640 esse,
286 2612 325 2636 et
344 2612 438 2647 quae
459 2598 637 2641 fecerant,
657 2612 747 2637 con·

44 2661 100 2686 tra
129 2649 230 2686 illius
264 2648 489 2687 sententiam
517 2649 613 2686 fasta
641 2647 748 2695 effe5)

45 2711 132 2748 pop.
158 2700 303 2736 Memm-

253 1987 461 2024 Maximum
489 1997 616 2024 autem
643 1985 752 2024 nefas
780 1999 866 2024 cum
893 1987 934 2024 in
962 1988 1134 2036 praesens
1160 1988 1330 2025 dolorem
1359 1989 1501 2030 attulit,
1522 1993 1544 2034 3

839 2102 882 2150 f)
909 2102 1026 2139 Hunc
1059 2102 1199 2140 exitum
1229 2103 1434 2146 Cleander,
1467 2114 1509 2142 et

801 2151 865 2200 qui
893 2154 972 2188 eius
1000 2162 1122 2198 partes
1151 2151 1415 2199 sequebantur,
1442 2153 1508 2190 ha-

800 2201 977 2243 buerunt,
999 2201 1098 2247 quali
1119 2213 1210 2238 caet.
1251 2204 1421 2240 imitatur
1441 2216 1508 2240 au·
1527 2203 1529 2205 ’

801 2260 876 2286 tem
906 2250 969 2285 hic
997 2251 1075 2288 Pol.
1111 2249 1206 2288 illud
1238 2252 1510 2300 virgilianum.

798 2301 896 2336 Haec
915 2297 999 2335 finis
1020 2300 1164 2336 Priami
1182 2300 1362 2339 fatorum.
1383 2302 1505 2352 Steph.

841 2368 887 2415 g)
913 2365 1158 2403 Scribendum
1185 2367 1332 2414 potius,
1355 2368 1507 2418 ‹stenta-

799 2425 858 2452 rer
886 2417 942 2463 (vt
960 2415 1006 2452 fic
1025 2415 1196 2465 dixerim)
1222 2429 1350 2461 natura
1371 2419 1505 2456 huma-

798 2478 858 2506 na,
887 2479 922 2513 p.
949 2466 1067 2514 Steph.

848 2513 888 2561 h)
914 2515 950 2552 se
969 2515 1110 2553 retulit.
1136 2517 1254 2564 Steph.

846 2583 876 2629 i)
904 2593 1017 2627 quum
1037 2592 1164 2618 tamen
1183 2583 1249 2618 ille
1267 2581 1381 2629 magis
1401 2581 1506 2620 dedi·

787 2643 858 2669 *tus
878 2631 935 2667 his
954 2630 1053 2673 esset,
1080 2644 1189 2680 quam
1213 2631 1418 2669 modestum
1433 2634 1505 2669 lm·

800 2691 1011 2730 peratorem
1030 2680 1198 2718 decebat.
1227 2680 1344 2731 Steph.

880 2747 910 2780 R

1336 223 1389 258 lta
1417 224 1510 260 em'm
1532 240 1579 267 χο
