1748 3017
250 114 314 167 36
430 104 941 158 HERODIANI
1015 101 1510 150 HISTORIAE

250 238 338 275 quae
367 235 427 261 nos
445 223 652 273 solicitant,
678 218 744 268 sed
766 217 836 267 ipse
860 215 907 262 f)
933 217 1108 253 Romanus
1133 214 1373 263 populus-‚tui
1390 212 1683 250 rerumvmnium

248 273 452 326 potestatem
472 271 594 320 superi
613 271 836 307 tribuerunt,
863 264 969 313 ipsum
988 267 1177 300 Romanum
1199 263 1397 312 imperium,
1414 262 1595 311 flzefluans
1613 262 1685 298 ad.-

151 352 167 366 r
214 334 235 367 7
251 326 339 365 huc,
363 335 470 371 neque
487 322 585 368 apud
602 330 803 367 quemquam
821 324 920 350 certa
940 313 1023 362 sede
1051 313 1214 359 reficiens.
1257 312 1303 359 g)
1332 311 1404 346 Sed
1429 323 1537 358 neque
1578 322 1683 348 arum
1716 350 1724 355 ¹

253 384 335 410 tuta
364 373 493 407 inimus
515 369 676 415 consilia,
699 368 753 403 his
772 364 1035 413 implorantium
1064 362 1217 402 animis,
1243 361 1337 397 nullo
1366 360 1419 395 ad
1427 359 1537 409 probi
1559 361 1686 396 endum>

220 430 238 463 8
253 422 538 471 rff'sterzdurrzque
560 427 700 465 parato.
752 415 846 450 Nam
863 411 924 459 qui
940 412 1040 447 illinc
1065 411 1235 449 veniunt,
1257 421 1300 444 ne
1317 409 1405 456 ipsos·
1432 408 1569 456 quidem
1587 408 1688 445 mili-

253 482 319 511 tes,
344 470 434 505 vnde
451 467 632 515 imperium
652 462 908 513 emptitauerit‚
927 459 1023 508 satis
1039 460 1073 496 ei
1081 461 1174 508 fidos
1184 458 1275 506 fore
1292 456 1491 502 affirmant,
1521 457 1688 507 quoniam

217 517 414 571 9prom1‘ffz'c
441 529 507 552 non
526 514 686 564 soluerit.
743 514 843 562 Qae
859 510 911 554 fit
939 509 1056 557 igitur
1076 507 1197 557 vestra
1225 521 1320 543 mens
1346 506 1525 556 qslendite.
1578 507 1686 542 Talia

253 563 468 616 loquentem
487 565 670 601 continuo
694 562 873 598 exercitus
901 558 1035 599 omnis,
1058 567 1320 604 caeterumque
1351 556 1496 603 vulgus,
1524 554 1687 603 impera-

196 629 239 654 10
259 626 379 655 torem
412 626 522 663 atque
548 611 736 660 augustum
768 607 1023 644 consalutant:
1068 617 1146 643 tum
1174 607 1222 652 h)
1249 605 1421 642 amistum
1447 605 1688 653 imperatoria

257 677 437 716 purpura,
469 662 688 709 reliquoque
715 667 932 695 exornatum
967 653 1086 692 aulico
1115 666 1252 702 paratu,
1285 654 1426 691 ibidem
1456 666 1499 691 ex
1519 663 1691 699 tempore

257 712 479 763 conquisito,
509 708 748 758 praecedente
774 706 886 743 etiam
917 704 1018 753 igni,
1041 703 1081 740 in
1109 704 1335 740 Antiochiae
1353 704 1513 755 primum
1536 703 1690 750 templa,

198 776 237 801 11
258 778 343 802 mox
363 762 405 798 ad
426 762 502 797 suas
522 760 630 796 aedes
651 756 901 792 deduxerunt:
930 765 1019 802 quas
1047 752 1184 794 etiam,
1215 764 1283 790 ceu
1303 765 1382 789 non
1414 752 1486 788 iam
1515 752 1690 799 priuatas,

197 825 239 850 12
258 813 429 850 omnibus
448 820 546 846 extra
565 806 763 854 insignibus
782 802 1031 850 imperatoriis
1054 804 1345 840 adornauerunt.
1396 802 1468 839 His
1487 801 1594 837 valde
1612 803 1690 838 lae-

258 875 319 900 tus
338 860 466 909 Niger,
493 869 607 904 quum
633 853 770 890 scilicet
788 864 827 890 et
844 854 1093 889 Romanorum
1120 852 1279 894 animos,
1303 861 1346 888 et
1367 861 1598 888 caeterorum
1618 849 1691 886 stu-

259 912 316 948 dia
336 908 526 947 hominum
547 903 868 944 animaduerteret,
893 902 963 937 iam
982 901 1081 938 haud
1102 901 1215 937 dubie
1237 913 1316 937 rem
1339 912 1489 937 omnem
1518 897 1583 936 libi
1617 897 1689 935 effe

197 968 238 1006 13
259 962 297 997 in
339 958 430 994 vado
463 954 722 991 arbitrabatur.
781 951 859 997 Qi
889 951 1078 998 postquam
1113 961 1239 986 rumor
1268 948 1474 992 increbuit,
1503 948 1542 992 i)
1569 947 1688 985 statim
1724 984 1727 987 ,

258 1016 496 1056 quaecunque
514 1001 710 1039 aduersum
726 1000 897 1047 Europae
926 999 1186 1037 continentem
1219 998 1391 1035 nationes
1411 997 1608 1040 incolunt,
1633 996 1690 1034 fe-

257 1058 386 1094 stinare
416 1067 484 1101 pro
513 1052 549 1088 se
569 1062 749 1099 quaeque,
777 1057 820 1085 vt
847 1049 983 1097 praesto
1002 1049 1055 1085 illi
1075 1048 1208 1090 essent,
1229 1047 1341 1096 legati
1363 1048 1526 1095 vndique
1549 1045 1690 1082 Antio-

198 1116 239 1150 14
257 1106 371 1142 chiam
393 1103 595 1140 confluere,
616 1098 653 1146 k)
673 1100 774 1134 velut
792 1098 836 1133 ad
856 1098 1064 1147 legitimum
1096 1095 1325 1144 principem:
1353 1107 1456 1145 reges
1476 1107 1628 1145 quoque
1649 1106 1689 1133 et

257 1156 417 1200 satrapae
454 1159 552 1188 trans·
581 1148 807 1196 Euphratem
834 1147 1057 1195 Tigrimque
1093 1140 1301 1182 habitantes
1328 1147 1549 1194 gratulatum
1584 1143 1692 1180 mise-

195 1214 236 1249 15
257 1213 362 1241 runt:
399 1200 572 1247 suamque
603 1209 752 1243 operam
783 1196 824 1232 in
851 1208 1004 1232 omnem
1028 1202 1209 1232 'euentum
1236 1193 1523 1241 pollicebantur.
1576 1195 1692 1236 Quos

257 1255 321 1290 ille
355 1248 579 1297 amplissimis
610 1245 756 1281 affestos
777 1245 1016 1286 muneribus,
1058 1244 1258 1294 gratiisque
1283 1241 1404 1291 desua
1427 1241 1598 1292 propensa
1626 1255 1691 1278 vo-

256 1306 417 1339 luntate,
453 1301 561 1346 deque
589 1296 634 1332 iis
659 1307 748 1342 quae
771 1294 1038 1341 pollicerentur,
1071 1293 1177 1333 aflis,
1212 1292 1447 1328 dimittebat:
1476 1293 1593 1329 nullis
1622 1290 1688 1328 fibi

260 1349 478 1396 impraesens
508 1356 600 1393 opus
636 1345 705 1380 ell'e
733 1341 876 1379 auxiliis
905 1344 1113 1380 affirmans:
1152 1341 1235 1378 satis
1261 1340 1449 1378 munitum
1477 1340 1690 1388 imperium,

198 1399 240 1435 16
259 1400 368 1446 idque
399 1398 580 1439 gesturum
609 1393 645 1430 se
675 1394 924 1430 incruentum.
991 1388 1117 1438 Qare
1149 1399 1250 1427 tanta
1277 1389 1340 1437 spe
1367 1389 1516 1427 sublatis
1542 1389 1694 1432 animis,

258 1441 513 1495 supn1iu3⁴lam
533 1441 858 1491 negligentiusque
881 1441 1052 1490 agitabat,
1079 1440 1189 1488 seque
1211 1441 1464 1488 populumque
1484 1438 1693 1476 Antioche-

211 1508 349 1535 17num
378 1495 457 1531 otio
479 1493 697 1538 deliciisque
726 1491 924 1532 obierum,
951 1491 1133 1538 ludosque
1156 1489 1272 1525 edens
1293 1499 1331 1524 et
1350 1487 1561 1536 speRacula.
1609 1488 1693 1525 Ne·
1727 1512 1732 1518 «

233 1538 331 1594 'que
360 1556 447 1580 vero
471 1553 533 1579 aut
553 1544 703 1578 Romam
733 1539 860 1586 (quod
888 1551 945 1576 res
973 1539 1131 1575 maxime
1159 1537 1388 1586 postulabat)
1408 1535 1589 1585 proficisci
1616 1537 1690 1573 stu-
1733 1540 1736 1544 “

258 1596 361 1632 duit:
395 1605 456 1629 aut
484 1591 650 1639 Illyricos
676 1589 860 1626 exercitus
891 1588 979 1636 (qui
1009 1586 1151 1626 scilicet
1171 1586 1356 1634 imprimis
1376 1585 1538 1624 adeundi
1564 1586 1692 1623 conci-

197 1647 237 1680 18
261 1643 446 1690 liandique
475 1640 636 1683 fuerant)
663 1639 746 1674 vnis
767 1639 814 1674 de
836 1638 944 1674 rebus
970 1638 1145 1687 certiores
1175 1636 1286 1673 fecit:
1315 1635 1464 1682 sperans
1485 1634 1602 1672 statim
1631 1634 1692 1670 in-

260 1693 405 1729 tellecta
441 1703 499 1732 re,
535 1701 616 1724 cum
645 1691 681 1731 l)
705 1686 881 1723 Romanis
911 1698 975 1724 eos
1002 1687 1164 1735 pariter,
1200 1696 1360 1734 cumque
1391 1684 1548 1723 orientis
1572 1684 1693 1723 totius
1730 1722 1731 1726 ,

261 1741 478 1778 exercitibus
504 1737 758 1775 consensuros.

259 1883 387 1949 Haec
399 1883 485 1919 dum
501 1882 665 1930 agitaret,
678 1878 750 1918 leui
769 1879 984 1928 incertaque
995 1878 1058 1928 spe
1068 1877 1256 1920 subnixus,
1267 1878 1365 1916 fama
1376 1879 1447 1916 iam
1469 1891 1535 1927 per
1546 1880 1692 1916 Panno.

349 1934 432 1969 nios
445 1933 683 1978 Illyricosque
696 1930 1081 1977 increbuerat,perque
1091 1928 1275 1965 exercitus
1286 1940 1429 1969 omnes,
1441 1928 1506 1977 qui
1520 1941 1587 1976 pro
1601 1928 1692 1976 ripis

258 1982 419 2020 Danubii
451 1979 644 2028 Rhenique
672 1981 919 2020 excubantes,
955 1976 1173 2014 coercendis
1205 1977 1598 2021 barbaris.Romanum
1631 1989 1692 2014 tu·¹
1746 2018 1748 2023 ¹

219 2056 239 2083 2
259 2044 369 2070 entur
400 2030 606 2078 imperium.
658 2030 827 2066 Praeerat
854 2039 979 2065 autem
1005 2025 1210 2064 Pannoniis
1237 2025 1416 2066 vniuerfis
1442 2028 1553 2076 (nam
1577 2026 1690 2064 unius

303 2147 349 2192 f)
373 2146 473 2181 Rom.
501 2156 589 2191 pop.
619 2144 706 2190 (cui
732 2142 944 2180 dominium
993 2136 1217 2181 maiestatem
1257 2143 1439 2192 augustam
1483 2143 1692 2192 pertinent.

257 2197 299 2232 in
322 2196 442 2231 omnia
463 2205 613 2241 regnum
641 2206 714 2241 que
736 2193 784 2229 dii
805 2193 945 2229 tribue·
995 2205 1041 2231 ex
1069 2203 1242 2240 tempore
1267 2191 1555 2241 comparassent,
1588 2205 1692 2241 prae·
1726 2199 1728 2202 “

259 2246 383 2290 tunt.)
420 2242 536 2289 ipsum
565 2254 636 2289 que
662 2243 878 2290 imperium,
904 2242 942 2278 fl.
992 2240 1075 2278 ced.
1098 2242 1218 2289 Steph.

257 2293 373 2342 Steph.
1035 2291 1074 2335 i)
1102 2303 1165 2336 per
1196 2301 1328 2325 omnes
1356 2288 1550 2331 nationes,
1577 2302 1694 2338 quaeq

301 2345 343 2390 g)
356 2340 472 2376 Nobis
493 2339 602 2387 igitur
622 2349 704 2375 tuto
724 2348 799 2376 tem
817 2352 945 2389 aggre-
992 2346 1142 2385 cunque
1156 2337 1347 2375 «aduersam
1374 2338 1542 2385 Europae
1565 2340 1689 2377 conti-

258 2390 297 2428 di
321 2390 465 2429 licebit3
491 2399 528 2423 ct
552 2388 652 2435 quod
685 2400 724 2423 ea
753 2391 793 2425 fit
811 2401 944 2426 vocan·
991 2395 1148 2426 nentem
1192 2386 1389 2430 incolunt,
1434 2386 1607 2426 festinare
1647 2386 1735 2418 ·-'5'

259 2439 353 2475 tium
375 2439 563 2478 voluntas,
589 2449 625 2473 et
646 2437 746 2483 quod
764 2451 875 2474 nemo
888 2437 944 2478 lit,
991 2439 1134 2476 Memm.
1732 2466 1735 2475 ,

256 2487 320 2532 qui
342 2486 480 2524 oblistat
508 2486 565 2520 vel
591 2486 794 2531 prohibeat.
847 2488 943 2523 Nam
1041 2483 1079 2530 le)
1107 2483 1211 2520 velut
1244 2483 1287 2519 ad
1307 2484 1476 2522 omnium
1501 2484 1687 2523 consensu
1723 2477 1735 2531 ‘f

256 2535 330 2584 qui,
357 2535 488 2571 nuncia
525 2534 627 2569 illinc
654 2535 698 2570 ad
726 2548 795 2572 nos
827 2536 945 2583 perse·
993 2544 1184 2582 receptum
1205 2535 1487 2578 Imperatorem,
1514 2544 1578 2572 aut
1607 2536 1688 2571 bre·
1716 2541 1724 2562 ἕ

257 2596 364 2626 runt,
388 2597 434 2619 nc
459 2582 521 2629 ips.
547 2584 663 2629 Steph.
992 2580 1201 2624 uius,velut
1219 2583 1263 2618 ad
1284 2593 1428 2620 certum
1451 2586 1544 2631 Imp.
1562 2584 1684 2632 Steph.
1718 2582 1732 2619 ’π’

305 2634 342 2674 h)
367 2645 433 2667 am.
457 2632 543 2678 imp.
564 2642 732 2677 purpura.
760 2643 872 2678 quum
888 2644 944 2668 re·
1037 2632 1067 2676 l)
1087 2632 1340 2670 Romanorum
1361 2642 1453 2672 voto
1469 2631 1534 2672 seu
1544 2631 1684 2671 defide-
1710 2635 1727 2670 ε’

257 2680 359 2730 liqna
379 2681 501 2722 etiam,
527 2691 619 2728 quae
629 2679 672 2716 ad
691 2679 943 2718 honorandam
989 2680 1059 2718 τίο.
1083 2680 1199 2730 Sceph.
